2446 4644
1030 222 1071 298 4⁶

211 388 345 450 innexa
378 402 509 468 quoque
543 374 812 444 Mercurialis
847 381 995 442 tractatui
1028 380 1072 447 tle

151 525 337 592 puerorum
354 498 484 565 morbis.
529 474 677 559 Francos.
702 499 786 573 1584
803 499 831 559 8.
860 493 1071 558 Boehmer.

214 613 354 680 Recusa'
371 618 421 674 in:
465 612 646 674 Fabricii
681 609 902 675 Bibliothecae
937 630 1077 696 graecae·

152 711 595 812 vel.xl,1.p.602-'615.*
721 710 724 716 ¹
903 704 907 710 Ι
1074 800 1076 810 ¹

217 850 270 911 De
296 845 438 907 latorum
471 812 692 926 longitudinm
735 862 835 924 saepe
861 859 963 904 tantas
993 864 1073 922 esse,

153 981 192 1027 ut
214 984 275 1046 per
293 978 402 1023 totum
417 964 629 1042 porrigantur
648 960 849 1030 intestinum
885 979 995 1019 curam
1016 959 1075 1020 sub
1204 1024 1207 1029 ,

155 1095 242 1142 statu
271 1074 379 1137 febrili
402 1089 434 1136 et
455 1077 621 1159 apyretico
646 1074 827 1156 distinguit3
853 1078 985 1156 species
1010 1087 1074 1135 tres
1147 1146 1151 1151 ¹
1199 1104 1202 1109 >

155 1195 306 1277 vulgares
327 1203 483 1257 recenset
1064 1180 1068 1197 ’

113 1332 170 1394 99
190 1306 367 1370 Arabum
394 1303 493 1367 libros
522 1304 673 1366 conferre
690 1302 800 1388 lignee
818 1306 981 1388 imperitia
998 1326 1077 1386 pro·

160 1421 280 1495 hibuit,
316 1440 398 1502 quae
427 1416 623 1480 Hallerus
657 1433 765 1480 autem
798 1423 850 1498 (in
880 1418 956 1480 bibl.
991 1419 1075 1481 med.

157 1543 287 1623 praet),
309 1530 533 1595 Velsch'ius
554 1533 608 1613 (de
622 1545 706 1594 vena
720 1533 913 1617 medinensi)
935 1548 968 1594 et
984 1533 1079 1597 Cle·

159 1658 277 1715 ricus
306 1647 518 1730 (tainorum
538 1646 769 1709 lumbricorum
783 1632 939 1731 'historla)
969 1669 1008 1711 ex
1026 1653 1081 1727 iis·=

161 1769 239 1830 dem
261 1762 458 1838 retulerunt,
479 1760 756 1846 helminthologici
776 1768 1081 1848 argumenti'pauca

160 1886 269 1942 inesse
292 1879 419 1940 docent
451 1877 571 1938 Tribus
591 1881 749 1939 vermium
768 1859 995 1940 intestinalium
1009 1900 1084 1969 spe·¹

161 2001 275 2057 ciebus
301 1991 485 2076 vulgaribus
515 2009 548 2054 et
568 2013 587 2053 a
606 1992 775 2054 Veteribus
797 1998 955 2075 receptis,
987 2015 1084 2078 quar·

163 2112 232 2171 tam
252 2108 292 2171 ab
313 2110 527 2170 Avicenna
552 2129 723 2190 perperam
753 2107 895 2170 additam
917 2130 1010 2187 esse,
1031 2108 1084 2172 vix

166 2228 281 2308 negari
300 2237 418 2304 potest
447 2225 577 2306 Longos
595 2226 748 2282 nimirum
768 2244 903 2306 magnos
925 2241 957 2287 et
971 2240 1085 2287 rotun·
1119 2288 1124 2305 ,

166 2318 244 2410 dos;
263 2338 365 2410 latos;
386 2358 487 2421 grana
507 2336 705 2399 cucurbitina
726 2350 758 2396 et
773 2356 888 2416 parvos
905 2339 1085 2422 distinguit3
1151 2390 1154 2395 .

162 2439 265 2516 idem'
278 2473 372 2514 error
394 2473 412 2513 a
432 2453 671 2533 Serapione
693 2455 877 2512 commissus
892 2451 1030 2528 videtur,
1053 2466 1087 2514 et

168 2584 376 2650 posterorum
385 2567 517 2648 plurimi
529 2566 648 2626 deinde
658 2564 799 2627 latorum
811 2565 962 2627 articulos
978 2571 1089 2653 singu-

170 2681 224 2744 los
245 2687 400 2758 exlretos,
422 2703 479 2743 seu
500 2700 600 2765 grana
621 2664 831 2757 cucurbitina,
851 2703 914 2762 pro
929 2687 1088 2745 vermium

169 2803 281 2882 specie
300 2797 456 2880 peculiari
476 2793 666 2856 habuerunt.
708 2795 871 2859 Clerici
900 2797 959 2859 hac
988 2798 1089 2862 dere

171 2917 371 2996 conjectura,
392 2932 457 2994 qua
469 2930 545 2972 usus
563 2911 635 2969 Avi
646 2931 813 2973 cennam
835 2913 1005 2994 exculpere
1019 2930 1090 2980 teu·

172 3013 235 3114 tal,
256 3027 340 3089 coni.
364 3029 430 3107 eius
452 3023 520 3086 hist
541 3024 594 3085 lat.
615 3025 729 3087 lumbr.
749 3047 780 3108 p.
802 3033 914 3092 12'·16.
934 3027 1012 3089 mihi
1029 3027 1091 3090 sal

173 3159 240 3205 tem
258 3161 330 3203 non
350 3141 479 3201 arridet
529 3141 648 3202 Vermis
671 3157 778 3202 autern
799 3162 876 3203 vere
898 3145 1091 3229 prodigiosi

141 3329 151 3335 ι
175 3261 210 3318 iu
230 3253 418 3342 regionibus
444 3257 576 3316 torridis
598 3255 656 3316 sub
677 3255 815 3318 hominis
837 3272 911 3319 cute
932 3259 1092 3340 degentis,

173 3370 312 3432 Filariae
333 3385 412 3450 puta
431 3372 639 3446 medinensis,
660 3375 867 3433 Avicenna
886 3376 970 3433 inter
989 3373 1096 3433 medi·

176 3504 232 3545 cos
252 3487 377 3565 primus
398 3491 598 3585 mentionem
619 3487 713 3563 fecit,
744 3487 947 3568 eundemque
967 3490 1013 3549 ita
1034 3488 1093 3549 de·

175 3603 325 3679 scripsit,
358 3614 394 3658 ut
424 3600 592 3663 animalem
612 3604 701 3663 istius
721 3617 871 3666 naturam
889 3619 1093 3686 perspectam

176 3708 330 3775 habuisse
353 3731 471 3796 pateat.
867 3724 868 3729 ’
995 3724 998 3728 ’
