<?xml version="1.0" encoding="UTF-8"?>
<!DOCTYPE html PUBLIC "-//W3C//DTD XHTML 1.0 Transitional//EN"
    "http://www.w3.org/TR/xhtml1/DTD/xhtml1-transitional.dtd">
<html xmlns="http://www.w3.org/1999/xhtml" xml:lang="en" lang="en">
 <head>
  <title>
</title>
<meta http-equiv="Content-Type" content="text/html;charset=utf-8" />
  <meta name='ocr-system' content='tesseract 3.04.00' />
  <meta name='ocr-capabilities' content='ocr_page ocr_carea ocr_par ocr_line ocrx_word'/>
</head>
<body>
  <div class='ocr_page' id='page_1' title='image "./entozoorumsivev02rudogoog_0324.png"; bbox 0 0 2476 4642; ppageno 0'>
   <div class='ocr_carea' id='block_1_1' title="bbox 123 260 1170 2320">
    <p class='ocr_par' dir='ltr' id='par_1_1' title="bbox 123 260 1170 2320">
     <span class='ocr_line' id='line_1_1' title="bbox 1033 260 1162 343; baseline -0.016 -22"><span class='ocrx_word' id='word_1_1' title='bbox 1033 260 1093 321; x_wconf 81' lang='lat'><strong>²99</strong></span> <span class='ocrx_word' id='word_1_2' title='bbox 1160 336 1162 343; x_wconf 33' lang='grc' dir='ltr'>Ι</span> 
     </span>
     <span class='ocr_line' id='line_1_2' title="bbox 124 396 1096 481; baseline -0.005 -19"><span class='ocrx_word' id='word_1_3' title='bbox 124 412 182 462; x_wconf 66' lang='lat' dir='ltr'><strong>ra</strong></span> <span class='ocrx_word' id='word_1_4' title='bbox 200 396 294 481; x_wconf 82' lang='lat' dir='ltr'><strong>quod</strong></span> <span class='ocrx_word' id='word_1_5' title='bbox 317 398 507 459; x_wconf 83' lang='lat' dir='ltr'><strong>Zederus</strong></span> <span class='ocrx_word' id='word_1_6' title='bbox 528 398 619 473; x_wconf 84' lang='lat' dir='ltr'><strong>vidit,</strong></span> <span class='ocrx_word' id='word_1_7' title='bbox 640 397 684 459; x_wconf 91' lang='lat' dir='ltr'><strong>ob</strong></span> <span class='ocrx_word' id='word_1_8' title='bbox 705 399 878 459; x_wconf 81' lang='lat' dir='ltr'><strong>crassitiem</strong></span> <span class='ocrx_word' id='word_1_9' title='bbox 894 398 1005 458; x_wconf 85' lang='lat' dir='ltr'><strong>forsan</strong></span> <span class='ocrx_word' id='word_1_10' title='bbox 1025 419 1096 457; x_wconf 87' lang='lat' dir='ltr'><strong>exa·</strong></span> 
     </span>
     <span class='ocr_line' id='line_1_3' title="bbox 124 512 1109 595; baseline -0.001 -20"><span class='ocrx_word' id='word_1_11' title='bbox 124 516 247 575; x_wconf 68' lang='lat' dir='ltr'><strong>umeri</strong></span> <span class='ocrx_word' id='word_1_12' title='bbox 266 534 336 574; x_wconf 90' lang='lat' dir='ltr'><strong>non</strong></span> <span class='ocrx_word' id='word_1_13' title='bbox 356 516 472 593; x_wconf 88' lang='lat' dir='ltr'><strong>potuit.</strong></span> <span class='ocrx_word' id='word_1_14' title='bbox 513 512 550 571; x_wconf 90' lang='lat' dir='ltr'><strong>In</strong></span> <span class='ocrx_word' id='word_1_15' title='bbox 572 512 804 595; x_wconf 80' lang='lat' dir='ltr'><strong>Polystomate</strong></span> <span class='ocrx_word' id='word_1_16' title='bbox 823 528 947 573; x_wconf 82' lang='lat' dir='ltr'><strong>serrato</strong></span> <span class='ocrx_word' id='word_1_17' title='bbox 969 514 1109 574; x_wconf 84' lang='lat' dir='ltr'><strong>Froe-&#39;</strong></span> 
     </span>
     <span class='ocr_line' id='line_1_4' title="bbox 123 602 1097 711; baseline 0 -22"><span class='ocrx_word' id='word_1_18' title='bbox 123 602 220 691; x_wconf 50' lang='lat' dir='ltr'><strong>*ieh&#39;</strong></span> <span class='ocrx_word' id='word_1_19' title='bbox 234 626 504 710; x_wconf 85' lang='lat' dir='ltr'><strong>(Naturforscher</strong></span> <span class='ocrx_word' id='word_1_20' title='bbox 526 628 568 687; x_wconf 88' lang='lat' dir='ltr'><strong>St.</strong></span> <span class='ocrx_word' id='word_1_21' title='bbox 590 628 705 689; x_wconf 86' lang='lat' dir='ltr'>XXIV.</span> <span class='ocrx_word' id='word_1_22' title='bbox 727 650 758 709; x_wconf 88' lang='lat' dir='ltr'><strong>p.</strong></span> <span class='ocrx_word' id='word_1_23' title='bbox 784 626 1097 711; x_wconf 64' lang='lat' dir='ltr'><strong>1482Fig.14.)po·</strong></span> 
     </span>
     <span class='ocr_line' id='line_1_5' title="bbox 124 726 1096 827; baseline -0.005 -20"><span class='ocrx_word' id='word_1_24' title='bbox 124 755 205 807; x_wconf 71' lang='lat' dir='ltr'><strong>mm</strong></span> <span class='ocrx_word' id='word_1_25' title='bbox 215 740 349 827; x_wconf 84' lang='lat' dir='ltr'><strong>quidem</strong></span> <span class='ocrx_word' id='word_1_26' title='bbox 360 747 522 823; x_wconf 88' lang='lat' dir='ltr'><strong>posticum</strong></span> <span class='ocrx_word' id='word_1_27' title='bbox 536 746 631 804; x_wconf 90' lang='lat' dir='ltr'><strong>icone</strong></span> <span class='ocrx_word' id='word_1_28' title='bbox 646 726 811 824; x_wconf 84' lang='lat' dir='ltr'><strong>expressit,</strong></span> <span class='ocrx_word' id='word_1_29' title='bbox 828 748 869 803; x_wconf 90' lang='lat' dir='ltr'><strong>in·</strong></span> <span class='ocrx_word' id='word_1_30' title='bbox 878 743 1096 823; x_wconf 83' lang='lat' dir='ltr'>descriptione</span> 
     </span>
     <span class='ocr_line' id='line_1_6' title="bbox 124 826 1116 929; baseline -0.004 -8"><span class='ocrx_word' id='word_1_31' title='bbox 124 870 241 921; x_wconf 72' lang='lat' dir='ltr'><strong>mrem</strong></span> <span class='ocrx_word' id='word_1_32' title='bbox 257 860 387 929; x_wconf 78' lang='lat' dir='ltr'><strong>omisit3</strong></span> <span class='ocrx_word' id='word_1_33' title='bbox 419 861 565 917; x_wconf 87' lang='lat' dir='ltr'><strong>ovarium</strong></span> <span class='ocrx_word' id='word_1_34' title='bbox 584 880 664 919; x_wconf 88' lang='lat' dir='ltr'><strong>vero</strong></span> <span class='ocrx_word' id='word_1_35' title='bbox 685 858 743 920; x_wconf 84' lang='lat' dir='ltr'><strong>sub</strong></span> <span class='ocrx_word' id='word_1_36' title='bbox 772 857 918 921; x_wconf 79' lang='lat' dir='ltr'><strong>maculae</strong></span> <span class='ocrx_word' id='word_1_37' title='bbox 939 857 1042 917; x_wconf 81' lang='lat' dir='ltr'><strong>forme</strong></span> <span class='ocrx_word' id='word_1_38' title='bbox 1062 826 1116 917; x_wconf 40' lang='lat' dir='ltr'><strong>in·</strong></span> 
     </span>
     <span class='ocr_line' id='line_1_7' title="bbox 124 943 1095 1057; baseline -0.005 -20"><span class='ocrx_word' id='word_1_39' title='bbox 124 972 228 1051; x_wconf 64' lang='lat' dir='ltr'><strong>barte</strong></span> <span class='ocrx_word' id='word_1_40' title='bbox 247 977 374 1055; x_wconf 81' lang='lat' dir='ltr'><strong>postica</strong></span> <span class='ocrx_word' id='word_1_41' title='bbox 394 977 490 1035; x_wconf 84' lang='lat' dir='ltr'><strong>situm</strong></span> <span class='ocrx_word' id='word_1_42' title='bbox 510 977 671 1049; x_wconf 77' lang='lat' dir='ltr'><strong>meminit,</strong></span> <span class='ocrx_word' id='word_1_43' title='bbox 694 978 777 1035; x_wconf 87' lang='lat' dir='ltr'><strong>circa</strong></span> <span class='ocrx_word' id='word_1_44' title='bbox 804 943 896 1057; x_wconf 82' lang='lat' dir='ltr'><strong>quod</strong></span> <span class='ocrx_word' id='word_1_45' title='bbox 916 973 1010 1034; x_wconf 86' lang='lat' dir='ltr'><strong>ovula</strong></span> <span class='ocrx_word' id='word_1_46' title='bbox 1032 972 1095 1033; x_wconf 88' lang='lat' dir='ltr'><strong>dis·</strong></span> 
     </span>
     <span class='ocr_line' id='line_1_8' title="bbox 124 1087 1170 1173; baseline -0.005 -21"><span class='ocrx_word' id='word_1_47' title='bbox 124 1106 230 1169; x_wconf 76' lang='lat' dir='ltr'><strong>persa</strong></span> <span class='ocrx_word' id='word_1_48' title='bbox 268 1090 396 1151; x_wconf 78' lang='lat' dir='ltr'><strong>bierint.</strong></span> <span class='ocrx_word' id='word_1_49' title='bbox 458 1088 648 1151; x_wconf 86' lang='lat' dir='ltr'><strong>Zederus</strong></span> <span class='ocrx_word' id='word_1_50' title='bbox 687 1087 913 1173; x_wconf 84' lang='lat' dir='ltr'><strong>(Naturgesch.</strong></span> <span class='ocrx_word' id='word_1_51' title='bbox 947 1111 979 1170; x_wconf 88' lang='lat' dir='ltr'><strong>p.</strong></span> <span class='ocrx_word' id='word_1_52' title='bbox 1010 1091 1096 1168; x_wconf 80' lang='lat'><strong>128.)</strong></span> <span class='ocrx_word' id='word_1_53' title='bbox 1162 1138 1170 1159; x_wconf 24' lang='grc' dir='ltr'><strong>χ,</strong></span> 
     </span>
     <span class='ocr_line' id='line_1_9' title="bbox 124 1196 1096 1278; baseline -0.003 -12"><span class='ocrx_word' id='word_1_54' title='bbox 124 1208 255 1267; x_wconf 74' lang='lat' dir='ltr'><strong>cirrum</strong></span> <span class='ocrx_word' id='word_1_55' title='bbox 277 1227 296 1264; x_wconf 93' lang='lat' dir='ltr'><strong>a</strong></span> <span class='ocrx_word' id='word_1_56' title='bbox 316 1205 341 1263; x_wconf 85' lang='lat' dir='ltr'><strong>F</strong></span> <span class='ocrx_word' id='word_1_57' title='bbox 350 1196 563 1264; x_wconf 79' lang='lat' dir='ltr'><strong>roelichio</strong></span> <span class='ocrx_word' id='word_1_58' title='bbox 590 1202 795 1271; x_wconf 84' lang='lat' dir='ltr'><strong>observatum</strong></span> <span class='ocrx_word' id='word_1_59' title='bbox 816 1207 929 1278; x_wconf 82' lang='lat' dir='ltr'>tradit,</span> <span class='ocrx_word' id='word_1_60' title='bbox 959 1205 1017 1265; x_wconf 85' lang='lat' dir='ltr'><strong>sed</strong></span> <span class='ocrx_word' id='word_1_61' title='bbox 1036 1209 1096 1265; x_wconf 86' lang='lat' dir='ltr'><strong>isto</strong></span> 
     </span>
     <span class='ocr_line' id='line_1_10' title="bbox 124 1317 1096 1401; baseline -0.006 -18"><span class='ocrx_word' id='word_1_62' title='bbox 124 1336 353 1401; x_wconf 68' lang='lat' dir='ltr'><strong>nuperorum</strong></span> <span class='ocrx_word' id='word_1_63' title='bbox 375 1322 572 1378; x_wconf 77' lang='lat' dir='ltr'><strong>anteriorum</strong></span> <span class='ocrx_word' id='word_1_64' title='bbox 601 1317 703 1381; x_wconf 87' lang='lat' dir='ltr'><strong>altero</strong></span> <span class='ocrx_word' id='word_1_65' title='bbox 724 1319 823 1383; x_wconf 87' lang='lat' dir='ltr'><strong>semel</strong></span> <span class='ocrx_word' id='word_1_66' title='bbox 844 1336 967 1381; x_wconf 86' lang='lat' dir='ltr'><strong>tantum</strong></span> <span class='ocrx_word' id='word_1_67' title='bbox 986 1317 1096 1379; x_wconf 86' lang='lat' dir='ltr'><strong>hamu-</strong></span> 
     </span>
     <span class='ocr_line' id='line_1_11' title="bbox 124 1426 1097 1521; baseline -0.004 -24"><span class='ocrx_word' id='word_1_68' title='bbox 124 1426 203 1497; x_wconf 75' lang='lat' dir='ltr'><strong>lum</strong></span> <span class='ocrx_word' id='word_1_69' title='bbox 231 1437 454 1514; x_wconf 83' lang='lat' dir='ltr'><strong>(instrumenti</strong></span> <span class='ocrx_word' id='word_1_70' title='bbox 479 1437 633 1513; x_wconf 82' lang='lat' dir='ltr'><strong>pressorii</strong></span> <span class='ocrx_word' id='word_1_71' title='bbox 652 1438 700 1516; x_wconf 90' lang='lat' dir='ltr'><strong>vi)</strong></span> <span class='ocrx_word' id='word_1_72' title='bbox 729 1456 887 1497; x_wconf 87' lang='lat' dir='ltr'><strong>emersum</strong></span> <span class='ocrx_word' id='word_1_73' title='bbox 906 1436 1003 1521; x_wconf 82' lang='lat' dir='ltr'><strong>vidit,</strong></span> <span class='ocrx_word' id='word_1_74' title='bbox 1034 1433 1097 1493; x_wconf 86' lang='lat' dir='ltr'><strong>huc</strong></span> 
     </span>
     <span class='ocr_line' id='line_1_12' title="bbox 124 1548 1096 1632; baseline -0.003 -21"><span class='ocrx_word' id='word_1_75' title='bbox 124 1568 207 1611; x_wconf 77' lang='lat' dir='ltr'><strong>non</strong></span> <span class='ocrx_word' id='word_1_76' title='bbox 226 1548 414 1622; x_wconf 76' lang='lat' dir='ltr'><strong>facientem,</strong></span> <span class='ocrx_word' id='word_1_77' title='bbox 447 1570 543 1629; x_wconf 87' lang='lat' dir='ltr'><strong>quem</strong></span> <span class='ocrx_word' id='word_1_78' title='bbox 563 1552 632 1629; x_wconf 87' lang='lat' dir='ltr'><strong>ipse</strong></span> <span class='ocrx_word' id='word_1_79' title='bbox 652 1571 713 1632; x_wconf 86' lang='lat' dir='ltr'><strong>pro</strong></span> <span class='ocrx_word' id='word_1_80' title='bbox 734 1572 809 1613; x_wconf 84' lang='lat' dir='ltr'><strong>vase</strong></span> <span class='ocrx_word' id='word_1_81' title='bbox 830 1549 967 1630; x_wconf 87' lang='lat' dir='ltr'><strong>abrupto</strong></span> <span class='ocrx_word' id='word_1_82' title='bbox 990 1550 1096 1610; x_wconf 89' lang='lat' dir='ltr'><strong>habet.</strong></span> 
     </span>
     <span class='ocr_line' id='line_1_13' title="bbox 124 1646 1096 1749; baseline -0.004 -22"><span class='ocrx_word' id='word_1_83' title='bbox 124 1660 195 1727; x_wconf 62' lang='lat' dir='ltr'><strong>An·</strong></span> <span class='ocrx_word' id='word_1_84' title='bbox 208 1662 318 1723; x_wconf 82' lang='lat' dir='ltr'><strong>similis</strong></span> <span class='ocrx_word' id='word_1_85' title='bbox 345 1664 466 1744; x_wconf 87' lang='lat' dir='ltr'><strong>papilla</strong></span> <span class='ocrx_word' id='word_1_86' title='bbox 488 1684 525 1723; x_wconf 90' lang='lat' dir='ltr'><strong>ac</strong></span> <span class='ocrx_word' id='word_1_87' title='bbox 546 1646 642 1745; x_wconf 74' lang='lat' dir='ltr'><strong>quain</strong></span> <span class='ocrx_word' id='word_1_88' title='bbox 662 1665 753 1727; x_wconf 88' lang='lat' dir='ltr'><strong>Abil</strong></span> <span class='ocrx_word' id='word_1_89' title='bbox 765 1666 895 1749; x_wconf 76' lang='lat' dir='ltr'><strong>guard</strong></span> <span class='ocrx_word' id='word_1_90' title='bbox 917 1670 953 1725; x_wconf 90' lang='lat' dir='ltr'><strong>in</strong></span> <span class='ocrx_word' id='word_1_91' title='bbox 971 1668 1096 1725; x_wconf 78' lang='lat' dir='ltr'><strong>Taenia</strong></span> 
     </span>
     <span class='ocr_line' id='line_1_14' title="bbox 127 1779 1096 1866; baseline -0.002 -27"><span class='ocrx_word' id='word_1_92' title='bbox 127 1796 277 1860; x_wconf 63' lang='lat' dir='ltr'><strong>capraea</strong></span> <span class='ocrx_word' id='word_1_93' title='bbox 308 1780 368 1838; x_wconf 83' lang='lat' dir='ltr'><strong>sibi</strong></span> <span class='ocrx_word' id='word_1_94' title='bbox 400 1780 503 1856; x_wconf 88' lang='lat' dir='ltr'><strong>dicta,</strong></span> <span class='ocrx_word' id='word_1_95' title='bbox 547 1783 612 1839; x_wconf 88' lang='lat' dir='ltr'><strong>sive</strong></span> <span class='ocrx_word' id='word_1_96' title='bbox 646 1780 864 1866; x_wconf 83' lang='lat' dir='ltr'><strong>Polyetomate</strong></span> <span class='ocrx_word' id='word_1_97' title='bbox 899 1779 1096 1839; x_wconf 87' lang='lat' dir='ltr'><strong>denticulato</strong></span> 
     </span>
     <span class='ocr_line' id='line_1_15' title="bbox 133 1891 1099 1977; baseline -0.005 -22"><span class='ocrx_word' id='word_1_98' title='bbox 133 1894 241 1977; x_wconf 83' lang='lat' dir='ltr'><strong>(conf.</strong></span> <span class='ocrx_word' id='word_1_99' title='bbox 265 1898 343 1975; x_wconf 84' lang='lat' dir='ltr'><strong>Cap.</strong></span> <span class='ocrx_word' id='word_1_100' title='bbox 365 1894 437 1957; x_wconf 82' lang='lat' dir='ltr'><strong>x11.</strong></span> <span class='ocrx_word' id='word_1_101' title='bbox 459 1900 485 1974; x_wconf 85' lang='lat'><strong>§.</strong></span> <span class='ocrx_word' id='word_1_102' title='bbox 505 1898 547 1975; x_wconf 82' lang='grc'><strong>4.)</strong></span> <span class='ocrx_word' id='word_1_103' title='bbox 569 1894 807 1955; x_wconf 76' lang='lat' dir='ltr'><strong>observaverit?</strong></span> <span class='ocrx_word' id='word_1_104' title='bbox 834 1891 1099 1969; x_wconf 81' lang='lat' dir='ltr'><strong>Froelichia·</strong></span> 
     </span>
     <span class='ocr_line' id='line_1_16' title="bbox 131 2007 1097 2092; baseline -0.003 -22"><span class='ocrx_word' id='word_1_105' title='bbox 131 2022 214 2071; x_wconf 71' lang='lat' dir='ltr'><strong>nus</strong></span> <span class='ocrx_word' id='word_1_106' title='bbox 236 2021 269 2081; x_wconf 79' lang='lat' dir='ltr'><strong>et</strong></span> <span class='ocrx_word' id='word_1_107' title='bbox 287 2007 646 2092; x_wconf 84' lang='lat' dir='ltr'><strong>Abilgaardianus</strong></span> <span class='ocrx_word' id='word_1_108' title='bbox 666 2030 791 2069; x_wconf 85' lang='lat' dir='ltr'><strong>vermes</strong></span> <span class='ocrx_word' id='word_1_109' title='bbox 813 2008 926 2071; x_wconf 83' lang='lat' dir='ltr'><strong>saltem</strong></span> <span class='ocrx_word' id='word_1_110' title='bbox 946 2008 1097 2071; x_wconf 81' lang='lat' dir='ltr'><strong>simillimi</strong></span> 
     </span>
     <span class='ocr_line' id='line_1_17' title="bbox 139 2122 1100 2208; baseline 0.002 -27"><span class='ocrx_word' id='word_1_111' title='bbox 139 2136 223 2201; x_wconf 78' lang='lat' dir='ltr'><strong>sunt.</strong></span> <span class='ocrx_word' id='word_1_112' title='bbox 264 2122 338 2205; x_wconf 87' lang='lat' dir='ltr'><strong>lpse</strong></span> <span class='ocrx_word' id='word_1_113' title='bbox 365 2124 551 2208; x_wconf 87' lang='lat' dir='ltr'><strong>Polystoma</strong></span> <span class='ocrx_word' id='word_1_114' title='bbox 576 2123 807 2185; x_wconf 87' lang='lat' dir='ltr'><strong>denticulatum</strong></span> <span class='ocrx_word' id='word_1_115' title='bbox 834 2139 958 2185; x_wconf 86' lang='lat' dir='ltr'><strong>tantum</strong></span> <span class='ocrx_word' id='word_1_116' title='bbox 987 2128 1100 2206; x_wconf 88' lang='lat' dir='ltr'><strong>spiritu</strong></span> 
     </span>
     <span class='ocr_line' id='line_1_18' title="bbox 139 2218 1098 2320; baseline 0 -21"><span class='ocrx_word' id='word_1_117' title='bbox 139 2218 430 2299; x_wconf 59' lang='lat' dir='ltr'><strong>vtntt‘asscrvatum</strong></span> <span class='ocrx_word' id='word_1_118' title='bbox 459 2241 644 2301; x_wconf 86' lang='lat' dir='ltr'><strong>examinavi.</strong></span> <span class='ocrx_word' id='word_1_119' title='bbox 693 2240 745 2303; x_wconf 85' lang='lat' dir='ltr'><strong>De</strong></span> <span class='ocrx_word' id='word_1_120' title='bbox 771 2224 938 2319; x_wconf 79' lang='lat' dir='ltr'><strong>speciebus</strong></span> <span class='ocrx_word' id='word_1_121' title='bbox 966 2237 1098 2320; x_wconf 81' lang='lat' dir='ltr'><strong>reliquie</strong></span> 
     </span>
    </p>
   </div>
   <div class='ocr_carea' id='block_1_2' title="bbox 142 2348 374 2423">
    <p class='ocr_par' dir='ltr' id='par_1_2' title="bbox 142 2348 374 2423">
     <span class='ocr_line' id='line_1_19' title="bbox 142 2348 374 2423; baseline 0 -10"><span class='ocrx_word' id='word_1_122' title='bbox 142 2348 222 2423; x_wconf 72' lang='lat' dir='ltr'><strong>nihil</strong></span> <span class='ocrx_word' id='word_1_123' title='bbox 241 2368 374 2415; x_wconf 89' lang='lat' dir='ltr'><strong>constat.</strong></span> 
     </span>
    </p>
   </div>
   <div class='ocr_carea' id='block_1_3' title="bbox 552 2474 673 2621">
    <p class='ocr_par' dir='ltr' id='par_1_3' title="bbox 552 2474 673 2621">
     <span class='ocr_line' id='line_1_20' title="bbox 552 2474 673 2621; baseline -0.025 0"><span class='ocrx_word' id='word_1_124' title='bbox 552 2474 599 2621; x_wconf 5' lang='lat' dir='ltr'><strong>dt·</strong></span> <span class='ocrx_word' id='word_1_125' title='bbox 638 2498 673 2618; x_wconf 63' lang='lat' dir='ltr'><strong>t?</strong></span> 
     </span>
    </p>
   </div>
   <div class='ocr_carea' id='block_1_4' title="bbox 322 2651 927 2744">
    <p class='ocr_par' dir='ltr' id='par_1_4' title="bbox 322 2651 927 2744">
     <span class='ocr_line' id='line_1_21' title="bbox 322 2651 927 2744; baseline 0.007 -30"><span class='ocrx_word' id='word_1_126' title='bbox 322 2651 667 2729; x_wconf 80' lang='lat' dir='ltr'><strong>Cestoideorum</strong></span> <span class='ocrx_word' id='word_1_127' title='bbox 685 2654 927 2744; x_wconf 79' lang='lat' dir='ltr'><strong>genitalia.</strong></span> 
     </span>
    </p>
   </div>
   <div class='ocr_carea' id='block_1_5' title="bbox 145 2810 1200 3489">
    <p class='ocr_par' dir='ltr' id='par_1_5' title="bbox 145 2810 1200 3489">
     <span class='ocr_line' id='line_1_22' title="bbox 205 2810 1152 2903; baseline 0.002 -34"><span class='ocrx_word' id='word_1_128' title='bbox 205 2810 368 2871; x_wconf 86' lang='lat' dir='ltr'><strong>Summam</strong></span> <span class='ocrx_word' id='word_1_129' title='bbox 394 2815 428 2870; x_wconf 92' lang='lat' dir='ltr'><strong>in</strong></span> <span class='ocrx_word' id='word_1_130' title='bbox 448 2810 495 2872; x_wconf 88' lang='lat' dir='ltr'><strong>his</strong></span> <span class='ocrx_word' id='word_1_131' title='bbox 517 2829 549 2872; x_wconf 87' lang='lat' dir='ltr'><strong>et</strong></span> <span class='ocrx_word' id='word_1_132' title='bbox 570 2834 588 2873; x_wconf 86' lang='lat' dir='ltr'><strong>a</strong></span> <span class='ocrx_word' id='word_1_133' title='bbox 607 2813 738 2899; x_wconf 86' lang='lat' dir='ltr'><strong>reliquis</strong></span> <span class='ocrx_word' id='word_1_134' title='bbox 768 2830 801 2875; x_wconf 88' lang='lat' dir='ltr'><strong>et</strong></span> <span class='ocrx_word' id='word_1_135' title='bbox 820 2816 905 2875; x_wconf 89' lang='lat' dir='ltr'><strong>inter</strong></span> <span class='ocrx_word' id='word_1_136' title='bbox 926 2834 960 2873; x_wconf 84' lang='lat' dir='ltr'><strong>ee</strong></span> <span class='ocrx_word' id='word_1_137' title='bbox 982 2814 1104 2896; x_wconf 86' lang='lat' dir='ltr'><strong>genita·</strong></span> <span class='ocrx_word' id='word_1_138' title='bbox 1148 2898 1152 2903; x_wconf 24' lang='grc' dir='ltr'>Ι</span> 
     </span>
     <span class='ocr_line' id='line_1_23' title="bbox 146 2916 1106 3007; baseline -0.001 -23"><span class='ocrx_word' id='word_1_139' title='bbox 146 2916 225 2985; x_wconf 83' lang='lat' dir='ltr'><strong>llum</strong></span> <span class='ocrx_word' id='word_1_140' title='bbox 247 2927 462 2990; x_wconf 84' lang='lat' dir='ltr'><strong>diversitatem</strong></span> <span class='ocrx_word' id='word_1_141' title='bbox 484 2926 631 2990; x_wconf 84' lang='lat' dir='ltr'><strong>obtinere</strong></span> <span class='ocrx_word' id='word_1_142' title='bbox 651 2931 814 3003; x_wconf 84' lang='lat' dir='ltr'><strong>videmus,</strong></span> <span class='ocrx_word' id='word_1_143' title='bbox 842 2942 879 2987; x_wconf 92' lang='lat' dir='ltr'><strong>ut</strong></span> <span class='ocrx_word' id='word_1_144' title='bbox 901 2926 1106 3007; x_wconf 74' lang='lat' dir='ltr'><strong>Garyoplayl·</strong></span> 
     </span>
     <span class='ocr_line' id='line_1_24' title="bbox 145 3040 1104 3105; baseline -0.002 -4"><span class='ocrx_word' id='word_1_145' title='bbox 145 3040 258 3101; x_wconf 83' lang='lat' dir='ltr'><strong>¹laeum</strong></span> <span class='ocrx_word' id='word_1_146' title='bbox 286 3040 358 3105; x_wconf 79' lang='lat' dir='ltr'><strong>iere</strong></span> <span class='ocrx_word' id='word_1_147' title='bbox 388 3042 429 3102; x_wconf 89' lang='lat' dir='ltr'><strong>ad</strong></span> <span class='ocrx_word' id='word_1_148' title='bbox 458 3043 606 3103; x_wconf 87' lang='lat' dir='ltr'><strong>ordinem</strong></span> <span class='ocrx_word' id='word_1_149' title='bbox 634 3043 880 3105; x_wconf 80' lang='lat' dir='ltr'><strong>antecedentem</strong></span> <span class='ocrx_word' id='word_1_150' title='bbox 906 3041 1104 3105; x_wconf 76' lang='lat' dir='ltr'><strong>amandatos.</strong></span> 
     </span>
     <span class='ocr_line' id='line_1_25' title="bbox 149 3151 1200 3243; baseline -0.012 -20"><span class='ocrx_word' id='word_1_151' title='bbox 149 3158 302 3235; x_wconf 59' lang='lat' dir='ltr'><strong>dooleci,</strong></span> <span class='ocrx_word' id='word_1_152' title='bbox 336 3160 421 3239; x_wconf 88' lang='lat' dir='ltr'><strong>eujus</strong></span> <span class='ocrx_word' id='word_1_153' title='bbox 443 3156 594 3243; x_wconf 78' lang='lat' dir='ltr'><strong>genitalia</strong></span> <span class='ocrx_word' id='word_1_154' title='bbox 613 3178 744 3237; x_wconf 81' lang='lat' dir='ltr'><strong>prorsus</strong></span> <span class='ocrx_word' id='word_1_155' title='bbox 765 3160 879 3240; x_wconf 85' lang='lat' dir='ltr'><strong>ignota·</strong></span> <span class='ocrx_word' id='word_1_156' title='bbox 896 3168 987 3227; x_wconf 84' lang='lat' dir='ltr'><strong>sunt,</strong></span> <span class='ocrx_word' id='word_1_157' title='bbox 1015 3151 1105 3211; x_wconf 87' lang='lat' dir='ltr'><strong>locus</strong></span> <span class='ocrx_word' id='word_1_158' title='bbox 1194 3168 1200 3175; x_wconf 91' lang='lat'>·</span> 
     </span>
     <span class='ocr_line' id='line_1_26' title="bbox 152 3270 922 3359; baseline -0.004 -28"><span class='ocrx_word' id='word_1_159' title='bbox 152 3290 253 3355; x_wconf 83' lang='lat' dir='ltr'><strong>aeque</strong></span> <span class='ocrx_word' id='word_1_160' title='bbox 273 3275 424 3333; x_wconf 86' lang='lat' dir='ltr'><strong>incertus.</strong></span> <span class='ocrx_word' id='word_1_161' title='bbox 466 3270 602 3359; x_wconf 84' lang='lat' dir='ltr'><strong>Reliqua</strong></span> <span class='ocrx_word' id='word_1_162' title='bbox 621 3276 695 3333; x_wconf 80' lang='lat' dir='ltr'><strong>satis</strong></span> <span class='ocrx_word' id='word_1_163' title='bbox 717 3273 922 3353; x_wconf 86' lang='lat' dir='ltr'><strong>conveniunt.</strong></span> 
     </span>
     <span class='ocr_line' id='line_1_27' title="bbox 149 3372 1192 3489; baseline -0.014 -35"><span class='ocrx_word' id='word_1_164' title='bbox 149 3420 154 3427; x_wconf 92' lang='lat'>·</span> <span class='ocrx_word' id='word_1_165' title='bbox 208 3388 246 3453; x_wconf 75' lang='lat' dir='ltr'><strong>A·</strong></span> <span class='ocrx_word' id='word_1_166' title='bbox 291 3389 588 3477; x_wconf 66' lang='lat' dir='ltr'><strong>Caryophyllaeus.</strong></span> <span class='ocrx_word' id='word_1_167' title='bbox 635 3388 815 3489; x_wconf 55' lang='lat' dir='ltr'><strong>specimina</strong></span> <span class='ocrx_word' id='word_1_168' title='bbox 841 3405 939 3469; x_wconf 81' lang='lat' dir='ltr'><strong>quam</strong></span> <span class='ocrx_word' id='word_1_169' title='bbox 968 3372 1108 3463; x_wconf 85' lang='lat' dir='ltr'><strong>plurima</strong></span> <span class='ocrx_word' id='word_1_170' title='bbox 1188 3432 1192 3439; x_wconf 93' lang='lat'><strong>.</strong></span> 
     </span>
    </p>
   </div>
   <div class='ocr_carea' id='block_1_6' title="bbox 155 3496 1211 3593">
    <p class='ocr_par' dir='ltr' id='par_1_6' title="bbox 155 3496 1211 3593">
     <span class='ocr_line' id='line_1_28' title="bbox 155 3496 1211 3593; baseline -0.01 -28"><span class='ocrx_word' id='word_1_171' title='bbox 155 3506 246 3569; x_wconf 75' lang='lat' dir='ltr'><strong>variis</strong></span> <span class='ocrx_word' id='word_1_172' title='bbox 263 3506 297 3565; x_wconf 89' lang='lat' dir='ltr'><strong>in</strong></span> <span class='ocrx_word' id='word_1_173' title='bbox 312 3501 530 3593; x_wconf 66' lang='lat' dir='ltr'><strong>Cyprinorum</strong></span> <span class='ocrx_word' id='word_1_174' title='bbox 543 3500 709 3583; x_wconf 85' lang='lat' dir='ltr'><strong>speciebus</strong></span> <span class='ocrx_word' id='word_1_175' title='bbox 722 3504 813 3562; x_wconf 87' lang='lat' dir='ltr'><strong>vario</strong></span> <span class='ocrx_word' id='word_1_176' title='bbox 828 3503 935 3579; x_wconf 86' lang='lat' dir='ltr'><strong>reperi</strong></span> <span class='ocrx_word' id='word_1_177' title='bbox 948 3514 1107 3576; x_wconf 88' lang='lat' dir='ltr'><strong>tempore,</strong></span> <span class='ocrx_word' id='word_1_178' title='bbox 1166 3544 1170 3551; x_wconf 91' lang='lat'><strong>.</strong></span> <span class='ocrx_word' id='word_1_179' title='bbox 1208 3496 1211 3501; x_wconf 80' lang='grc'><strong>’</strong></span> 
     </span>
    </p>
   </div>
   <div class='ocr_carea' id='block_1_7' title="bbox 158 3608 1224 3703">
    <p class='ocr_par' dir='ltr' id='par_1_7' title="bbox 158 3608 1224 3703">
     <span class='ocr_line' id='line_1_29' title="bbox 158 3608 1224 3703; baseline -0.012 -22"><span class='ocrx_word' id='word_1_180' title='bbox 158 3618 320 3703; x_wconf 85' lang='lat' dir='ltr'><strong>uunquam</strong></span> <span class='ocrx_word' id='word_1_181' title='bbox 342 3636 448 3683; x_wconf 88' lang='lat' dir='ltr'><strong>autem</strong></span> <span class='ocrx_word' id='word_1_182' title='bbox 469 3636 593 3697; x_wconf 85' lang='lat' dir='ltr'><strong>tantae,</strong></span> <span class='ocrx_word' id='word_1_183' title='bbox 615 3640 653 3679; x_wconf 90' lang='lat' dir='ltr'><strong>ac</strong></span> <span class='ocrx_word' id='word_1_184' title='bbox 671 3617 861 3677; x_wconf 88' lang='lat' dir='ltr'><strong>Zederus</strong></span> <span class='ocrx_word' id='word_1_185' title='bbox 883 3608 1130 3695; x_wconf 72' lang='lat' dir='ltr'><strong>(Naturgesch.,</strong></span> <span class='ocrx_word' id='word_1_186' title='bbox 1219 3666 1224 3677; x_wconf 92' lang='grc'><em>,</em></span> 
     </span>
    </p>
   </div>
   <div class='ocr_carea' id='block_1_8' title="bbox 157 3729 1191 3819">
    <p class='ocr_par' dir='ltr' id='par_1_8' title="bbox 157 3729 1191 3819">
     <span class='ocr_line' id='line_1_30' title="bbox 157 3729 1191 3819; baseline -0.032 -6"><span class='ocrx_word' id='word_1_187' title='bbox 157 3754 184 3813; x_wconf 80' lang='lat' dir='ltr'><strong>P·</strong></span> <span class='ocrx_word' id='word_1_188' title='bbox 206 3742 277 3815; x_wconf 79' lang='lat'><strong>²47·</strong></span> <span class='ocrx_word' id='word_1_189' title='bbox 305 3734 386 3797; x_wconf 86' lang='lat' dir='ltr'><strong>Tab.</strong></span> <span class='ocrx_word' id='word_1_190' title='bbox 407 3748 435 3808; x_wconf 79' lang='lat'><strong>3.</strong></span> <span class='ocrx_word' id='word_1_191' title='bbox 464 3736 517 3819; x_wconf 81' lang='lat' dir='ltr'><strong>fig.</strong></span> <span class='ocrx_word' id='word_1_192' title='bbox 538 3744 572 3815; x_wconf 81' lang='lat'><strong>5,</strong></span> <span class='ocrx_word' id='word_1_193' title='bbox 598 3736 646 3814; x_wconf 91' lang='lat'><strong>6.)</strong></span> <span class='ocrx_word' id='word_1_194' title='bbox 675 3735 836 3815; x_wconf 84' lang='lat' dir='ltr'><strong>depinxit,</strong></span> <span class='ocrx_word' id='word_1_195' title='bbox 872 3729 1108 3813; x_wconf 68' lang='lat' dir='ltr'><strong>magnitudinis,</strong></span> <span class='ocrx_word' id='word_1_196' title='bbox 1188 3764 1191 3771; x_wconf 86' lang='lat'>-</span> 
     </span>
    </p>
   </div>
   <div class='ocr_carea' id='block_1_9' title="bbox 0 0 1242 4642">
    <p class='ocr_par' dir='ltr' id='par_1_9' title="bbox 0 0 1242 4642">
     <span class='ocr_line' id='line_1_31' title="bbox 0 0 1242 4642; baseline 0 0"><span class='ocrx_word' id='word_1_197' title='bbox 0 0 1242 4642; x_wconf 95' lang='lat' dir='ltr'><strong> </strong></span> 
     </span>
    </p>
   </div>
  </div>
 </body>
</html>
