2446 4644
803 299 811 316 ·
886 258 890 273 ·
926 218 1011 308 ²229

118 380 195 443 hinc
215 401 351 467 summo⁸
372 379 448 441 colli
467 383 606 465 margini
628 381 761 459 dextro,
790 380 878 445 illinc
896 383 1009 449 infimo
1039 440 1049 459 .,
1072 406 1075 412 “
1099 362 1102 368 ’
1131 410 1135 415 ·

112 502 184 582 ·gini
217 495 294 557 colli
322 488 467 567 sinistro;
501 499 641 558 sinister
668 519 747 560 vero
779 495 854 560 hine
882 521 1008 563 summo
1070 551 1075 561 .

113 616 124 671 i
156 614 296 696 margini
329 613 478 687 sinistro,
511 611 600 674 illinc
627 613 752 682 infimo¹
770 613 845 683 colli
871 619 1008 700 margini
1044 664 1047 669 .

112 743 161 787 tro
187 730 368 791 inserantur
389 741 422 786 et
442 725 533 786 basin
559 732 694 811 vaginae
715 744 894 790 transverse
912 750 1008 811 prae·
1072 758 1074 763 ·

112 858 239 905 iurant:
262 859 294 904 et
315 843 397 903 duos
418 845 552 921 insuper
573 842 672 931 elios,
694 864 713 904 a
733 842 820 907 collo
833 850 928 906 'recte
950 847 1008 907 de·

112 952 249 1032 ndentes,
276 973 307 1017 et
326 950 488 1016 lemniscis
516 977 575 1017 seu
593 957 775 1042 ligamentis
796 932 892 1040 supra
913 960 1005 1022 dictis

112 1072 227 1134 mlosis
245 1075 401 1147 insertos,
439 1052 620 1133 enumerat.¹
654 1060 790 1154 Utrique
817 1071 897 1134 mihi
910 1057 1006 1137 ¹dubii

112 1201 129 1248 t.
167 1190 358 1271 Ligamenta
380 1186 531 1269 equidem
551 1186 611 1247 filis
631 1185 789 1268 plurimis,
815 1191 893 1270 quin
912 1191 1006 1250 innu·

112 1307 142 1363 ris
149 1347 160 1379 ,
189 1307 333 1365 revincta
353 1280 445 1377 suni,
475 1317 512 1362 ut
532 1298 650 1364 horum
669 1307 824 1397 mojomm
845 1302 1004 1385 Quaedam
1077 1364 1080 1377 ,
1107 1336 1111 1343 ·

112 1422 268 1501 >egregio
289 1437 352 1499 pro
382 1414 533 1476 musculis
554 1389 696 1497 propriis¹
716 1420 908 1497 imposuisse
931 1417 1004 1481 lere

112 1535 235 1612 plcarer,
254 1553 318 1592 nec
332 1534 556 1612 suspensorios
573 1534 740 1613 proprios,
761 1536 822 1594 nisi
836 1532 890 1594 fila
904 1554 1003 1616 quae·
1030 1611 1033 1619 Ι

112 1666 123 1705 r
140 1669 157 1706 a
174 1646 261 1708 collo
285 1645 516 1706 descendentia
536 1647 610 1707 vidi
644 1647 746 1709 Recte
761 1667 840 1710 num
854 1649 1000 1735 viderim,

112 1782 145 1823 les
165 1763 242 1823 alios
263 1760 418 1842 judicium
440 1779 517 1822 esto.
939 1848 941 1853 Ι

112 1873 215 1938 lanf'si
235 1876 403 1958 proboscis
426 1875 702 1981 retrahendexest,
723 1881 839 1971 vegius
859 1898 1000 1959 corpore
1027 1908 1033 1917 ⁴

112 1997 159 2054 mis
179 1992 332 2080 elongato
355 1979 538 2052 retrorsumz
553 1992 702 2073 ducitur,
723 2011 756 2057 et
774 1992 903 2057 insimul
922 2014 1001 2075 pro-

112 2106 179 2168 cidis
201 2129 282 2188 apex
304 2123 336 2167 et
356 2110 475 2167 sensim
495 2104 622 2189 relique
643 2113 709 2191 ejus
724 2130 798 2191 pars
813 2082 999 2182 inflectitur,

112 2238 160 2282 tam
183 2227 358 2288 introrsum
380 2244 477 2304 quarn
504 2238 684 2284 retrorsum
706 2221 840 2284 trahitur
846 2267 858 2299 ,
889 2224 927 2300 tit
948 2243 1000 2283 ex·

112 2355 168 2411 tum
186 2336 389 2418 proboscidis
410 2336 509 2414 latus,
544 2336 661 2399 aculeis
690 2340 868 2414 munitum,
899 2340 998 2398 inter·

112 2471 125 2508 r
149 2453 267 2515 factum
286 2424 342 2545 sit,
369 2452 473 2513 aculei
494 2467 615 2526 autem,
645 2450 723 2511 dum
742 2438 919 2549 introrsum
940 2451 999 2512 du·

112 2577 175 2646 tur,
196 2569 239 2631 ob
262 2570 443 2630 distantiam
464 2588 561 2649 quam
582 2544 839 2645 seriatim‘positi
858 2569 944 2626 inter
963 2586 999 2629 se

112 2698 184 2759 taut,
213 2704 275 2744 nec
304 2699 373 2744 tum
401 2705 435 2745 se
463 2697 618 2767 tangunt,
654 2675 757 2740 multo
786 2700 865 2741 vero
893 2683 999 2744 minus

112 2796 277 2876 tplicantur.
325 2802 394 2863 Nec
414 2797 600 2880 proboscis,
630 2775 815 2856 acuteoium
837 2797 928 2883 apice
947 2774 1000 2859 r'e·

112 2923 178 2985 'sjum
199 2928 382 2995 spectante,
414 2912 476 2972 alio
498 2913 597 2973 modo
619 2907 740 2971 retrahi
760 2924 879 2991 posset·
920 2913 1022 2973 Pro·'
1077 2906 1100 2949 ·'

112 3028 144 3087 ris
165 3045 272 3090 autem
291 3050 353 3110 pro
377 3027 560 3105 anirnalculi
581 3026 687 3087 lubitu
708 3039 763 3085 aut
784 3044 847 3105 qua
871 3038 998 3113 partem

119 3141 184 3221 tota'
202 3137 392 3217 retrahitum
425 3148 452 3204 si
473 3122 541 3205 tota
562 3140 750 3204 abscondita
771 3152 836 3234 est,
865 3141 900 3199 in
922 3137 998 3200 colli
1041 3221 1044 3227 ι

112 3277 133 3319 :e
152 3261 319 3321 foraminis
341 3261 465 3340 (coeci)
486 3260 629 3337 speciem
651 3257 729 3317 oriri
749 3273 880 3312 necesse
903 3269 957 3314 est.

112 3369 164 3435 iub
184 3373 390 3456 proboscidis
414 3388 521 3434 autem
542 3375 711 3435 emissione
732 3366 833 3427 fibrae
850 3371 997 3448 corporis

112 3490 268 3551 sversales
294 3494 478 3564 remittunt,
508 3504 539 3548 et
558 3481 828 3575 longitudinales,
857 3482 998 3564 agend0,
1034 3464 1054 3530 s

112 3622 159 3678 tus
185 3607 312 3668 brevius
344 3605 503 3680 reddunt,
539 3619 576 3664 ut
605 3603 752 3681 corporis
784 3611 936 3659 contente
963 3600 999 3658 in
1028 3610 1031 3615 '

112 3736 188 3784 nam
217 3735 314 3805 egent
335 3739 472 3801 eamque
497 3706 720 3809 procedente
743 3711 871 3772 insimul
892 3710 999 3797 autem

427 4005 441 4065 l
