2476 4642
67 118 112 177 ris
134 113 186 175 vel
213 118 249 175 in
268 111 409 177 vesicula
436 112 533 174 fellea
559 112 707 189 latitant,
727 132 951 201 necunquam
971 117 1027 180 he-

67 249 131 310 par
152 229 232 288 inde
252 230 305 290 vel
325 212 555 288 inflammatum
574 227 627 288 vel
648 228 793 304 erorum,
814 229 874 291 sed
892 231 949 295 ubi
970 234 1027 294 du-

71 358 141 403 ctus
164 343 211 401 illi
233 343 328 403 valde
351 342 493 423 ampliati
514 356 605 418 sunt,
629 343 754 425 reliqua
774 356 882 403 tamen
902 344 1027 425 hepatis

65 455 247 518 substantia
266 461 403 540 integra,
417 456 537 516 colore
558 472 591 517 et
612 458 770 518 densitate
789 458 927 518 naturali
949 481 1045 543 con—¹

65 575 182 652 apicua
216 587 272 631 est.
328 572 495 631 Interdum
521 572 656 663 quidem!
679 574 908 633 ruminantium
935 579 1027 656 jecur
1139 654 1143 661 Ι

64 686 302 749 Distomatibus
329 683 482 764 hepaticis
505 700 647 761 scatens,
662 685 768 769 „simul
787 686 882 747 valde
908 689 1027 752 aliena·
1111 672 1114 677 ¹

64 815 158 875 tum,
196 798 331 859 lividum
353 815 385 860 et
404 798 504 858 molle
523 797 575 858 vel
595 798 721 860 friabile
746 805 904 878 occurrit,
936 802 1026 881 hicce
1060 850 1063 857 ι

66 929 178 974 autem
205 929 302 974 status
332 934 351 973 a
376 910 535 974 vermibus
563 932 632 972 non
650 914 782 994 pendet.
836 917 1028 998 Saepissime

63 1033 166 1104 enim,
186 1044 224 1087 ut
250 1042 345 1107 supra
368 1027 443 1102 dixi,
462 1031 497 1087 in
518 1023 635 1107 hepate
656 1033 827 1091 sanissimo·
843 1051 1027 1110 occurrunt,

61 1158 222 1211 econtra
246 1161 323 1204 vero
352 1139 453 1221 hepar
477 1140 577 1201 molle
603 1157 636 1202 et
660 1142 795 1205 lividum
816 1145 937 1228 absque
956 1170 1027 1211 ver-

25 1296 31 1307 ·
61 1255 171 1317 nribus
192 1276 261 1317 non
280 1277 354 1317 raro
377 1254 560 1351 exhibetur,
582 1256 677 1338 quale
696 1278 726 1317 v.
747 1263 829 1320 edin
848 1261 903 1322 lue
923 1262 1026 1325 bovil-

21 1372 25 1377 ’
62 1370 96 1431 la
115 1359 172 1431 vel
190 1370 382 1450 pulmonum
408 1370 494 1430 malo
516 1370 699 1449 epidemico
727 1373 840 1433 videre
860 1395 929 1435 non
949 1398 1023 1438 raro

62 1476 212 1567 eontigit.
266 1486 295 1544 A
322 1483 392 1542 bilis
423 1483 617 1544 alienatmne
645 1484 784 1564 quadam
810 1488 1026 1552 Distomatum

42 1599 185 1661 -2horum
207 1597 326 1657 natalia
347 1595 504 1672 derivare,
525 1601 644 1656 rationi
665 1613 918 1661 consentaneum
937 1605 1027 1667 vide·

60 1730 127 1791 tur,
149 1713 205 1774 illa
225 1731 304 1771 vero
325 1729 422 1788 saepe
443 1709 538 1770 valde
558 1715 672 1793 exigua
690 1725 723 1771 et
742 1715 776 1772 in
791 1732 930 1794 corpore
949 1719 1025 1780 inde
1055 1789 1060 1796 ⁸

30 1832 42 1887 ’.
60 1814 215 1890 nondum
235 1824 319 1884 male
340 1819 456 1883 affecto
483 1823 593 1883 locum
614 1822 734 1887 habere
761 1843 871 1908 potest
879 1853 887 1902 3
922 1837 949 1894 si
969 1832 1026 1895 he-

61 1945 148 2024 patis
168 1955 277 2000 autem
299 1954 331 1998 et
351 1941 447 1998 totius
469 1940 598 2015 demum
618 1946 765 2021 corporis
790 1942 878 2005 lebes
905 1918 1025 2009 incres-

63 2060 121 2133 cit,
142 2075 267 2115 vermes
290 2053 415 2113 idcirco
435 2072 504 2113 non
523 2038 868 2137 moriunturhepatici,
889 2061 949 2121 aed
960 2060 1026 2125 bile

62 2146 170 2254 magis
192 2168 331 2230 alienata
353 2183 385 2228 et
407 2171 593 2248 copiosiore
618 2168 741 2230 facilius
761 2170 1025 2255 multiplicantur,

63 2285 187 2368 absque
209 2297 317 2343 tamen
338 2281 510 2341 habitaculi
530 2282 582 2344 vel
597 2289 749 2346 erosione
769 2287 820 2347 vel
834 2286 1026 2350 destructio·
1055 2354 1058 2361 ,

63 2423 119 2465 ne.
159 2404 343 2462 Distomata
362 2416 441 2483 vero
463 2394 648 2467 chronicam
669 2412 791 2460 tantum
810 2404 925 2483 jecoris
947 2376 1025 2464 affe-

65 2520 229 2590 ctionem,
241 2535 301 2574 nec
323 2526 448 2572 acutam
467 2511 613 2591 perferre
632 2514 793 2592 videntur,
813 2520 848 2577 in
865 2520 1025 2599 ejusmodi

9 2684 26 2691 ,
67 2634 153 2694 anim
172 2626 294 2689 morbis
315 2627 515 2707 frequentius
537 2645 701 2707 apparent.
741 2630 942 2709 Ipseta'min
958 2622 1025 2696 o'vi-

67 2738 138 2821 bus}
160 2765 255 2827 quarn
275 2747 310 2803 in
330 2744 446 2822 capris,
466 2740 591 2816 bobus,
613 2746 731 2817 cervis,
752 2742 860 2804 suibus
883 2760 923 2806 et·
936 2751 1024 2828 equis
1082 2774 1085 2779 ·
1108 2817 1114 2825 ,
1140 2796 1148 2807 .

36 2908 42 2915 ,
64 2860 247 2931 Diatomata
269 2858 325 2917 diu
345 2871 378 2916 et
402 2853 516 2913 sedulo
539 2853 718 2930 observavi,
740 2869 773 2914 et
787 2872 946 2935 auctores,
960 2864 1025 2942 qiai

38 3034 41 3039 ,
63 2971 185 3033 malum
206 2975 315 3032 ovium
338 2969 536 3042 chronicum,
556 2985 719 3048 saepeque
737 2952 952 3050 endemicuni,
971 2973 1025 3034 vel

45 3090 220 3160 istem,
240 3083 429 3181 hydropem¹
452 3097 485 3143 et
510 3079 603 3161 hujus
629 3083 755 3163 generis
782 3082 907 3165 reliqua
928 3106 946 3146 a
966 3089 1025 3147 Dl-

9 3212 24 3259 .¹
64 3215 203 3263 stemate
218 3199 402 3274 derivarint,
422 3214 629 3283 summopere
643 3214 766 3256 errasse
780 3211 813 3256 et
831 3196 1025 3263 coeffectum

62 3335 125 3398 pro
141 3311 683 3391 caussahabuisse,persuasissimus
698 3330 776 3369 sum.
797 3309 954 3392 Reliquos
967 3289 1024 3401 hag

15 3490 19 3499 ,
62 3434 300 3511 parisvermes,
320 3423 710 3525 monstraaPaisleyo
738 3425 948 3488 etBondio
968 3425 1024 3490 he·
1058 3410 1060 3415 Ι
