2476 4642
101 272 104 279 ,
142 196 230 282 'roo

149 362 197 421 'ri
217 358 390 436 deberent,
418 344 536 417 eadem¹
554 359 662 436 itaque
682 376 830 418 vasorum
853 356 1011 445 ambages,
1029 366 1086 425 acsi

1 477 2 482 ’
24 460 27 473 ’
78 524 81 529 .
167 473 268 549 ovula
285 472 331 551 ad·
346 456 741 551 uterumtrausportanda
763 488 879 550 essent,
901 491 933 534 et
950 477 1088 550 ovulorum

58 661 64 673 ι
100 620 105 633 1
165 608 321 671 pervasa
340 589 466 646 minora
485 586 548 645 iter
567 588 686 645 iterum
709 586 859 648 obstaret.
910 614 914 621 ¹

227 706 321 765 Circa
349 720 433 759 aues
459 697 495 759 cl.
516 701 686 781 Werner
713 703 835 780 (Brev.'
853 725 960 786 expos.
979 728 1010 789 p.
1031 712 1113 789 102.)‚'

160 790 296 891 ⁸easdem
324 813 432 895 pullos
459 834 498 874 ex
525 814 676 906 ingluviei
696 836 785 894 penu
805 822 953 904 nutrire,
993 838 1093 883 etcum

164 935 296 997 materia
317 932 466 1001 nutritur,
506 949 590 1011 quae
616 928 736 989 ibidem
756 932 820 1009 per'
840 921 975 1014 aliquod
993 952 1094 1018 tempus

164 1061 364 1112 commorata
384 1043 482 1104 luerit
489 1086 500 1118 ,
533 1064 682 1126 maguam
703 1042 877 1105 humorum
897 1037 1096 1115 maternorum

162 1169 308 1251 copiam,
349 1162 505 1221 vermium
541 1161 697 1217 semiuiis.
709 1159 873 1220 interdum
906 1164 1095 1259 foecundam

80 1318 85 1335 .
128 1252 130 1257 .
161 1270 276 1339 iisdem
304 1294 365 1354 per
399 1244 529 1333 rostra'
535 1292 770 1333 communicare
778 1317 790 1350 ,
822 1279 992 1358 opinatur
1048 1282 1095 1343 Sed
1124 1284 1128 1371 l¹

161 1415 234 1456 aves
263 1391 348 1451 bene
377 1386 495 1447 multae
516 1386 698 1468 ingluviei
698 1409 760 1468 ope
780 1389 887 1468 pullos
920 1414 990 1455 non
1017 1399 1128 1487 nutri-j

159 1524 226 1579 um
275 1502 399 1586 Quibus
435 1517 541 1563 autern
575 1500 732 1585 ingluvies
760 1520 826 1578 est,
859 1507 976 1567 eadem
1000 1512 1128 1571 vermi
1125 1502 1128 1531 ¹

159 1624 219 1684 hus
240 1600 341 1721 libera
362 1617 508 1703 videtur,
541 1619 610 1694 ipse
639 1614 751 1675 saltem
772 1612 964 1698 sempeb¹ita
987 1638 1092 1709 compa·

158 1714 260 1799 ratam
288 1728 474 1804 observavi
512 1748 576 1787 nec
605 1729 783 1809 exemplum
812 1739 1009 1797 contrarium
1033 1734 1128 1821 legi.
1125 1766 1128 1791 ι

88 1890 91 1895 -
157 1854 190 1912 st
217 1867 324 1935 autem
346 1863 475 1925 vermes
510 1841 630 1903 ibidem
666 1842 835 1921 darentur,
875 1868 957 1908 unus
993 1850 1089 1912 alterve
1126 1828 1128 1839 Ι

149 1936 345 2047 ¹strongylus
367 1960 468 2035 foret,
489 1957 688 2039 reliquorum
708 1958 816 2039 itaque
837 1963 995 2023 veinsium
1015 1962 1089 2026 ovula
1126 1942 1128 1953 Ι

155 2080 268 2143 iisdem
290 2072 475 2156 ambagibus
498 2057 538 2130 ad
557 2070 732 2152 ingluviem
752 2072 832 2132 ferri
859 2075 1032 2156 deberent,
1061 2098 1102 2139 aa.

124 2200 127 2205 '
156 2192 236 2254 siud
251 2205 380 2249 uterum
399 2167 615 2245 mammalium
632 2185 683 2246 vel
697 2183 814 2246 horum
833 2176 987 2253 marnmas
1008 2165 1087 2253 trans·
1126 2200 1128 2205 '

89 2291 95 2296 ⁹
152 2304 315 2389 portanda
345 2316 457 2363 esseut.
505 2302 598 2363 Circa
625 2320 697 2360 aves
730 2305 838 2383 itaque
863 2303 1026 2369 obstacula
1051 2313 1086 2367 in·

153 2437 307 2484 crescunt.
946 2397 949 2401 Ι

210 2538 332 2595 Eadem
357 2535 478 2610 majora
503 2534 537 2589 in
560 2531 718 2611 piscibus.
760 2532 805 2594 Cl.
834 2538 884 2593 vir
910 2540 1009 2598 modo
1033 2539 1084 2599 lau·
1125 2600 1128 2605 ,

153 2655 244 2712 datus
273 2647 310 2726 (l.
334 2652 377 2725 c.)
403 2630 592 2731 pisciculos,
633 2651 689 2726 qui
716 2651 749 2706 in
778 2650 896 2708 eodem
923 2652 1022 2712 fluido
1043 2654 1083 2712 ali·

150 2781 258 2826 menta
280 2766 419 2840 capiant,
456 2765 488 2818 in
510 2760 600 2839 quod
628 2761 726 2819 adulti
748 2781 950 2837 excrementa
979 2768 1082 2847 dejece-

149 2885 229 2953 rint,
258 2876 332 2934 iude
354 2873 470 2931 horum
490 2873 543 2931 vel
563 2895 686 2934 vermes
716 2877 767 2935 vel
788 2877 884 2938 ovula
909 2881 1003 2942 facile
1021 2902 1080 2941 nan·

148 2995 222 3055 cisci
259 3006 409 3050 autumat.
473 2989 537 3048 Sed
571 2994 703 3067 piscium
737 3013 859 3052 vermes
897 3016 1080 3077 nequaquam

148 3129 258 3169 omnes
291 3110 325 3164 iu
352 3120 454 3163 tractu
473 3104 644 3162 inaestimali
672 3107 810 3188 degunt,
851 3110 910 3166 sed
930 3114 965 3169 in
985 3110 1079 3190 hepate

147 3227 259 3296 etiam,
286 3226 320 3280 in
341 3219 520 3279 abdominis
544 3240 640 3294 cavo,
673 3224 769 3300 inque
790 3222 960 3299 musculis,
991 3224 1078 3285 velli·

144 3337 214 3398 beri
241 3335 292 3397 vel
319 3334 451 3395 sacculis
481 3333 592 3391 inciusi
615 3350 804 3408 occurrunt,
846 3333 963 3396 horum
991 3345 1078 3419 itaque

145 3453 239 3513 ovula
263 3472 333 3510 cum
356 3452 563 3508 excrementis
587 3449 678 3528 dejici
697 3465 883 3527 nequeunt,
913 3467 944 3510 et
964 3455 1078 3530 piscicu-

142 3569 190 3628 los
220 3572 351 3645 insuper
381 3564 517 3623 aliorum
547 3567 751 3624 excrementis
783 3562 907 3624 iuhiare
940 3566 1078 3626 absonum

142 3683 214 3744 milti
237 3683 370 3742 videtur.
