2476 4642
153 155 216 229 34⁰

157 308 240 369 mala
271 318 342 365 orta
373 322 440 363 esse
472 301 650 363 concludat.
693 296 981 383 Regenerationem
1008 310 1087 377 eutsen

157 422 217 483 hac
237 397 667 499 observationeneutiqusm
688 418 819 497 probari
838 432 939 496 patet,
959 439 1006 478 res
1026 425 1088 487 enin

157 538 207 598 vel
226 544 334 597 verme
362 532 568 592 articulorum
600 551 724 590 secessu
749 531 905 614 languido
932 534 1033 607 facto,
1054 536 1088 596 vel

157 666 243 713 stetu
263 647 370 710 morbi
389 648 567 727 periodico‚
596 647 697 729 qualis
725 622 942 729 in'hystericis
973 653 1087 730 saepissi-

156 788 209 828 me
230 766 425 834 observatur,
448 777 478 823 et
499 766 555 845 qui
572 765 688 821 vermis
701 762 811 822 forsan
831 778 937 825 monis
950 762 1019 826 illos
1036 750 1093 844 ipse

157 882 275 952 effecit,
298 898 401 959 aeque
421 875 503 938 bene
524 878 673 967 erpliceri
693 891 809 957 potest.
921 958 925 965 Ι
1121 850 1124 873 ¹

216 994 307 1054 Idem
326 996 402 1053 v'ero
423 1008 536 1061 ,auctor
565 992 598 1073 (l.
620 1013 646 1051 c.
666 1012 698 1070 p.
720 992 807 1068 256.)
826 992 858 1051 Τ
860 968 972 1054 neniae
990 997 1084 1074 portio

116 1107 118 1111 ’
155 1129 231 1173 uem
252 1108 419 1186 abruptam
440 1092 565 1167 novuiu'
580 1103 640 1163 sibi
659 1106 877 1184 reproducere
897 1088 1002 1189 caput,
1017 1111 1083 1167 etsie
1120 1156 1124 1179 ·.

154 1242 264 1284 verum
282 1224 398 1287 iterum
417 1222 486 1281 fieri
506 1239 645 1280 vermem
665 1225 783 1294 statuit,
805 1222 911 1302 quid?
932 1224 1017 1304 quod
1032 1241 1082 1303 pn·
1121 1292 1124 1325 Ι

154 1353 219 1397 tem
240 1337 398 1415 ejusmodi
420 1335 617 1413 disjunctam,
640 1339 691 1394 cui
712 1339 822 1414 capitis
845 1337 948 1423 sim-ile
968 1338 1037 1420 quid
1051 1340 1082 1395 iu·
1116 1332 1124 1393 1

67 1478 71 1485 ’
153 1467 263 1512 natum
284 1455 335 1525 sit,
355 1451 473 1511 vidisse
493 1446 553 1508 sibi
574 1451 656 1509 visus
678 1464 734 1509 est.
772 1451 820 1511 Ex
849 1451 886 1511 cl.
915 1454 973 1511 v'ir'i
1001 1464 1082 1509 auten
1120 1460 1124 1551 4

154 1567 380 1645 descriptione,
399 1582 499 1656 quam
518 1563 638 1623 idcirco
660 1565 793 1626 addere·
805 1564 902 1624 liceat
920 1566 965 1644 1),
983 1587 1026 1626 res
1042 1567 1082 1623 mi·
1121 1556 1124 1645 j

151 1685 238 1742 nime
260 1680 429 1759 dijudicari
448 1690 567 1759 potest,
587 1698 665 1738 num
685 1681 719 1737 in
739 1692 830 1757 parte
851 1678 991 1738 filiformi
1009 1688 1124 1773 caput,
1120 1652 1124 1707 Ι

152 1796 215 1857 hoc
234 1796 408 1855 formatum
429 1797 470 1853 sit
488 1807 595 1853 utrum
615 1795 650 1851 in
669 1795 861 1871 posteriori,
882 1812 951 1853 non
972 1780 1124 1863 exhibet,

92 1929 99 1940 ‘
150 1931 211 1973 nec
231 1910 339 1971 oscula
366 1912 505 1968 suctoria
529 1928 591 1978 nec
616 1907 840 1968 uncinulorunr
868 1927 1017 1969 coronam
1037 1904 1079 1967 sthi
1119 1936 1124 2029 p

21 2046 26 2053 ’
79 2011 81 2015 ’
150 2029 217 2085 visa
237 2045 305 2085 esse
325 2024 441 2090 refert;
470 2022 558 2082 uhde
582 2026 693 2105 itaque
715 2026 825 2102 capitis
845 2027 1017 2106 regenerati
1032 2039 1078 2081 sus·
1120 2040 1124 2089 ¹,

138 2142 236 2221 spicio
258 2152 329 2198 orta
349 2140 398 2227 sit,
419 2157 472 2196 me
491 2137 580 2221 fugit.
623 2137 695 2216 Ipse
722 2135 871 2194 ultimum
894 2142 1029 2219 corporis
1045 2156 1078 2196 ar·
1122 2154 1124 2213 3

146 2238 293 2325 ticulum,
315 2254 541 2339 angustiorem,
560 2251 810 2325 rotundatum,
814 2267 846 2311 et
871 2254 982 2314 osculo
1002 2252 1079 2313 terni·
1121 2232 1124 2321 J

149 2367 214 2427 nali
233 2370 421 2425 instructum
453 2386 512 2446 pro
546 2369 649 2446 capite
678 2369 878 2447 imposuisse,
910 2366 1077 2495 persuasisti·
1120 2362 1124 2379 '

148 2501 237 2541 nrum
259 2480 372 2541 habeo.
1121 2526 1124 2587 i

208 2596 275 2654 Cel.
296 2595 425 2657 Pallas
453 2598 511 2673 (N.
531 2597 633 2661 Nord.
653 2597 755 2681 Beytr.
782 2597 805 2658 1.
837 2619 860 2661 1.
882 2621 914 2678 p.
937 2603 1001 2680 94.)
1025 2597 1076 2658 Tri·
1122 2608 1124 2617 '

148 2711 341 2788 cuspidaries
362 2711 547 2783 nodulosas,
569 2711 705 2770 Taenias
728 2712 787 2771 sibi
809 2714 924 2788 dictas,
955 2717 1076 2773 minores

149 2824 314 2905 aliquoties
326 2821 466 2904 bicipites
488 2825 547 2885 sibi
568 2828 681 2885 vidisse
700 2831 783 2887 visus
801 2844 855 2902 est,
879 2851 976 2911 quam
992 2831 1075 2890 obser·

147 3007 1075 3031 *mm

197 3128 373 3197 *·)›1heve
392 3146 492 3183 neena.
514 3127 657 3204 disjoined
676 3148 735 3205 part
761 3130 823 3184 οἷα
843 3134 967 3196 Taenia,
993 3154 1040 3188 one
1056 3127 1075 3183 01

144 3215 240 3270 whose
265 3217 431 3271 extremities
457 3216 513 3269 had
538 3218 629 3288 begun
656 3235 684 3271 to
711 3235 763 3293 put
790 3239 828 3271 on
854 3222 904 3273 the
924 3236 1076 3297 appearance

145 3302 178 3356 of
193 3321 208 3354 a
226 3301 314 3367 head;
335 3302 382 3356 the
402 3320 521 3356 extreme
545 3307 619 3378 joint
644 3306 699 3357 had
723 3307 841 3359 become
867 3310 1012 3372 rouuded,
1035 3303 1077 3361 and

143 3389 192 3441 the
222 3388 327 3440 broken
356 3390 410 3442 end
424 3390 495 3442 had
520 3393 647 3446 assumed
672 3393 718 3447 the
749 3390 821 3446 form
848 3396 883 3449 oi
907 3398 1009 3470 adeep
1029 3414 1078 3469 cup

145 3475 178 3529 of
192 3475 285 3528 which
305 3476 352 3527 the
379 3478 484 3548 margin
510 3497 564 3532 was
584 3479 691 3551 plattcd
716 3480 745 3531 in
776 3501 793 3534 a
818 3482 946 3539 radiated
971 3504 1080 3545 manner,

143 3561 199 3614 and
219 3561 265 3614 the
284 3562 388 3616 surface
409 3564 441 3616 of
457 3564 504 3616 the
523 3581 586 3617 torn
606 3582 697 3640 stump
717 3587 772 3619 was
792 3571 878 3623 much
897 3571 1008 3625 smaller
1026 3572 1083 3625 than

141 3648 165 3703 it
181 3666 255 3703 must
272 3649 341 3703 have
361 3649 500 3723 appeared
517 3649 596 3703 whin
615 3652 673 3705 first
691 3654 828 3709 broken«
