2446 4644
907 172 1022 249 'aas

108 362 175 408 tem
196 342 342 425 perforat
360 338 547 422 ibidemque
567 338 659 401 alfixa
685 353 749 431 err,
774 339 896 422 reliqua
916 354 1022 403 autem

108 464 219 547 giuae,
255 465 339 518 uteri
360 472 392 518 et
412 456 594 519 ovario'rum
614 474 686 535 pars
706 457 741 515 in
760 474 867 515 verme
885 455 1023 541 longitu-

108 595 178 637 uem
196 594 304 634 versus
328 573 465 635 dissecto
487 588 541 633 aut
561 571 668 653 aliqua
693 584 785 650 parte
813 575 893 645 icto,
921 572 1023 634 libera

108 688 254 751 unditur.
310 687 397 748 Vasa
427 702 570 748 ceterum
600 685 748 771 genitalia
771 668 851 759 stam
881 687 1023 749 mascula

108 822 168 865 am
187 803 327 864 feminea
353 802 538 884 longissima
558 778 598 861 'et
618 805 702 861 circa
728 798 840 861 tubum
869 801 1023 863 cibarium
1080 782 1085 797 ¹

108 918 334 998 utortiplicata.
376 918 445 977 Ova
464 919 499 976 in
514 914 668 995 plurimis,
691 896 868 997 eademque
892 917 1025 997 utpluri-

108 1054 159 1093 un
176 1031 296 1104 ovalia,
309 1035 409 1091 rarius
430 1030 586 1113 globosa3
605 1035 640 1090 iu
653 1028 720 1089 aliis
739 1034 803 1089 vivi
823 1030 1025 1111 conspiciun-

108 1148 261 1209 rioetus.
301 1146 354 1204 De
375 1149 500 1224 specie,
522 1164 620 1224 quam
640 1143 678 1203 cl.
699 1143 887 1222 Frqelich
908 1164 1024 1226 perpe·

108 1284 141 1323 m
162 1259 455 1341 hermaphroditam
476 1258 605 1333 dixerit,
637 1262 673 1321 iu
698 1260 811 1340 Capite
835 1263 1025 1343 insequente

864 1372 869 1396 l

108 1377 227 1440 rctabo.
329 1390 332 1398 “

153 1493 310 1569 Genitalia
331 1472 460 1553 externe
480 1466 570 1575 quod
590 1496 707 1567 attinet,
726 1492 1024 1577 lulongeplurimis
1064 1534 1068 1541 ,
1143 1517 1147 1527 “

108 1610 181 1695 pris
206 1609 306 1669 cauda
327 1611 377 1668 vel
395 1609 496 1668 modo
516 1610 666 1711 singulari
678 1606 800 1683 inflexa,
820 1608 871 1670 vel
890 1615 1024 1687 acutior,
1123 1669 1126 1673 ,
1184 1618 1186 1623 ’

108 1722 120 1781 l
143 1724 327 1793 membrano
350 1739 487 1785 exstante
508 1739 634 1798 notata,
662 1724 783 1804 spicula
803 1725 897 1783 aimul
917 1727 1026 1827 prodit

108 1858 160 1910 .0,
180 1859 293 1919 saepe,
314 1843 429 1900 vermis
450 1843 575 1900 ratione
595 1838 716 1911 habita,
737 1842 810 1898 satis
830 1838 937 1922 longa,
950 1846 1026 1923 quia

108 1957 254 2038 ugissima
275 1975 303 2013 v.
318 1976 343 2014 c.
357 1958 391 2013 in
411 1951 583 2014 Ascerido
601 1953 747 2013 Pelecaui
763 1953 949 2014 onocrotali
959 1957 1027 2037 spi-

108 2068 230 2147 ligera
248 2066 325 2129 inihi
344 2070 443 2141 dicta3
463 2088 579 2148 penem
595 2073 705 2151 itaque
725 2050 844 2130 habant
864 2070 1026 2152 duplicem
1087 2146 1090 2151 Ι
1193 2098 1197 2113 ·

108 2180 160 2245 lut
177 2186 325 2244 animalia
345 2190 430 2244 varia
450 2189 547 2268 magis
569 2187 755 2262 composite.
787 2185 935 2246 Feminae
960 2184 1027 2245 vul·

135 2298 319 2382 plerumque
339 2302 413 2361 loco
435 2303 531 2379 capiti
558 2300 683 2372 vicino,
714 2300 932 2378 supradicto,
960 2318 1026 2359 om·
1083 2278 1086 2283 ’

108 2430 168 2495 nus
190 2432 296 2476 autem
317 2417 482 2496 speciebus
502 2413 621 2475 ibidem
642 2414 768 2505 adesse,
789 2427 826 2472 ut
845 2413 1026 2475 Zederus
1108 2466 1113 2475 ,

108 2530 203 2592 ¹-u'ater
223 2531 381 2613 Nachtrag
400 2550 433 2610 p.
457 2530 520 2610 172)
539 2530 625 2604 vult,
656 2532 706 2588 vix
726 2529 930 2600 crediderim
956 2535 1028 2612 ipse

113 2666 171 2708 am
202 2647 264 2708 alio
291 2648 365 2706 loco
397 2641 696 2729 (Naturgeschichte
725 2644 782 2705 der
804 2646 971 2729 Eing'eww·
991 2650 1025 2727 p.

108 2766 147 2841 .)
165 2763 245 2823 hanc
265 2764 392 2820 nonnisi
412 2764 446 2817 in
465 2762 608 2835 maximis
628 2736 833 2839 conspicuam
854 2762 968 2837 refert,
996 2777 1027 2823 et

128 2884 290 2938 minorum
310 2878 401 2934 variis
423 2888 487 2932 tam
508 2877 666 2955 superiori
691 2894 787 2956 quam
813 2875 954 2935 inferiori
980 2876 1027 2937 lo-

108 3013 111 3033 ·
142 2994 255 3076 vidisse
276 2989 353 3048 mihi
373 2993 457 3049 visus
478 3010 559 3050 sum.
754 3073 757 3080 Ι
1008 2983 1012 2991 ’

158 3107 192 3167 C.
205 3107 359 3165 Hlariae
378 3104 533 3187 genitalia,
545 3109 711 3186 utriusque
731 3124 821 3163 sexus
836 3118 963 3164 externa
982 3104 1028 3164 la·

108 3228 162 3294 1⁴0,
181 3241 241 3279 nec
260 3224 458 3279 internorum
484 3223 543 3278 nisi
564 3224 667 3279 oraria
690 3221 880 3292 innotuisse,
907 3218 1028 3279 Zede-

108 3342 146 3389 ιε
165 3334 392 3416 (Naturgesch.
413 3355 445 3414 p-
466 3342 529 3405 aa)
550 3347 676 3401 monet:
697 3337 731 3392 iu
750 3332 903 3392 Elatiae
921 3348 1028 3395 tamen

108 3450 155 3518 [ui
170 3447 361 3528 popillome
391 3452 564 3526 specimine
592 3448 749 3531 graciliori
774 3468 879 3528 prope
906 3450 1028 3510 caudae

108 3557 202 3620 *icem
223 3561 382 3641 spiculum
409 3562 513 3623 semel
526 3566 674 3623 emissum
693 3563 760 3625 vidi
778 3562 912 3637 subtile,
939 3565 1029 3647 quod
1117 3548 1121 3563 ¹

108 3675 192 3736 'ocul
218 3677 317 3738 dubio
338 3697 399 3757 pro
419 3696 503 3758 pene
522 3677 721 3750 habendum
741 3679 904 3741 tubercula
924 3686 1029 3741 autem
