2446 4644
105 367 206 427 iciam.
235 406 239 411 -
257 363 372 425 Rarius
394 365 614 444 approximate
621 408 632 441 ,
655 344 772 428 dissita
791 337 945 455 saepinst
973 385 1024 427 es·

105 494 132 539 te
159 483 266 570 antica
291 478 391 558 plano
419 492 453 539 et
472 477 633 559 quadrato
663 484 698 539 in
733 478 856 565 angtalis
877 479 1025 562 ejusdem

104 610 205 657 tatuor
224 597 345 674 posita,
375 593 493 655 eodem
513 612 592 655 vero
613 594 790 655 rotundato
810 611 937 675 partem
958 598 1025 675 ejus
1056 578 1060 585 ¹

104 713 165 792 agis
185 712 404 788 posteriorem
424 706 484 769 sibi
503 708 687 779 vindicant;
720 704 785 769 hoc
804 725 912 770 autem
931 710 1026 775 simul

104 848 107 873 ι
127 822 315 883 osculorum
334 822 557 921 magnitudine
576 820 710 903 pendet,
730 821 922 904 quibusdam
941 829 1026 887 enim

104 941 203 1013 irrora,
225 937 293 996 aliis
314 939 468 1012 maxima,
489 953 623 1020 tumque
644 934 772 1029 sibimet
789 941 891 1021 magis
922 943 1026 1001 vicina

104 1068 157 1123 nt;
198 1051 401 1131 plerumque
414 1051 625 1130 orbicularis,
652 1056 754 1113 rarius
775 1051 934 1134 ellipticn,
953 1053 1026 1134 plus

104 1188 170 1228 nus
192 1167 376 1248 profunda,
411 1181 449 1227 ut
469 1186 588 1227 conum
602 1183 810 1243 excavatum,
844 1167 896 1229 vel
915 1172 1028 1231 vascuss

104 1302 133 1340 m
153 1280 463 1369 hemisphaerieum,·
482 1296 538 1343 aut
555 1275 710 1362 patellam
727 1282 890 1358 referant,
909 1289 1027 1365 margi-

104 1416 160 1456 nus
197 1413 368 1477 aperturae
401 1396 454 1458 vel
490 1401 585 1457 rectia
607 1378 674 1458 ¹aut
704 1398 845 1459 tumidis.
905 1396 1049 1459 Verme'

104 1528 198 1574 >rtu0
221 1528 371 1594 apertura
392 1511 495 1573 osculi
515 1528 646 1573 externa
666 1534 765 1593 saepe
785 1511 880 1586 latet,
914 1528 951 1573 ut
969 1532 1028 1592 pa-

104 1623 179 1688 *tam
198 1628 250 1690 vel
270 1628 406 1708 planam
421 1626 473 1688 vel
494 1627 772 1689 conveniuscularn
791 1625 1027 1717 (Lichenormm

104 1741 205 1829 stellis
232 1765 301 1825 non
338 1742 534 1824 absimilem)
560 1745 755 1817 mentiatur,
796 1745 871 1802 vivo
900 1758 1027 1812 autem,
1101 1826 1104 1831 Ι

104 1876 301 1940 runusquam
324 1860 421 1918 etiam
440 1875 516 1940 post
543 1872 704 1933 mortem,
747 1872 899 1938 apertura
926 1858 1028 1927 oeulis

104 1967 118 2027 l
138 1958 235 2033 audii
254 1973 307 2034 vel
327 1972 416 2034 lente
438 1976 565 2034 armatis
585 1970 737 2033 facillime
758 1974 959 2050 conspicua„
981 1972 1029 2034 di-

104 2101 185 2147 ;atur
199 2072 484 2171 'conmahiturqum
505 2106 726 2171 summamque
745 2088 933 2148 Distomatis
955 2092 1030 2171 pori

104 2198 307 2264 militudinem
326 2204 448 2283 prodit.
978 2190 982 2195 ⁵

127 2302 246 2378 Osoula
275 2319 362 2378 dicta
392 2317 508 2378 eadem
536 2337 573 2377 ac
600 2317 762 2399 reliquum
791 2337 909 2397 corpus
928 2331 1030 2378 mate·
1115 2320 1142 2333 ““

104 2449 113 2487 ι
122 2475 137 2506 ,
165 2452 233 2493 nec
253 2432 339 2493 fibris
360 2431 558 2495 firmioribus
579 2432 632 2494 vel
651 2428 903 2506 musculan'bus,
930 2450 1030 2510 poro·

104 2565 144 2607 tn
169 2551 387 2608 sectariorum
415 2569 526 2625 more,
558 2561 705 2608 constare
729 2545 918 2607 Zederus
947 2547 1032 2625 (Nm

104 2659 228 2744 rgesch.
258 2662 318 2722 der
345 2663 519 2744 Eingeww.
539 2684 572 2745 p.
593 2652 833 2744 301.)suonet,
874 2660 933 2733 aed
960 2682 1031 2722 rem

106 2795 135 2835 o
157 2797 192 2837 se
212 2775 332 2837 babere
352 2778 454 2838 modo
477 2775 686 2857 deprehendi.
743 2774 927 2839 Substantia
947 2777 1032 2839 Tae·
1090 2824 1093 2829 -
1171 2756 1175 2765 “

104 2906 191 2951 rrum
219 2889 452 2973 plurimarum,
492 2893 639 2969 inprimis
671 2889 884 2978 tenellamm,
926 2908 1044 2973 aeque·
1110 2910 1116 2925 ·

104 3022 183 3085 rum
213 3027 256 3073 ac,
277 2998 496 3079 Distomatum
522 3006 687 3064 minorum
709 3007 884 3065 examinari
902 3019 1030 3086 potest,

137 3124 266 3181 Taenia
295 3135 402 3180 autem
433 3119 623 3201 perfoliam
660 3120 753 3197 equi,
793 3115 1030 3199 vulgatissima,
1127 3125 1129 3131 ’

104 3233 180 3296 nuta
200 3256 239 3297 ex
260 3234 422 3310 ambiente
444 3226 555 3321 capitia
577 3229 657 3305 tela,
685 3229 812 3309 septula
833 3207 1031 3312 quasiinter

107 3346 184 3413 dem
206 3349 389 3427 efficiente,
409 3347 561 3410 facillimo
582 3347 717 3429 negotio
739 3343 948 3424 separabilia,
970 3344 1031 3406 du-

104 3464 260 3525 asculatet
279 3468 368 3544 poris
389 3461 588 3538 murcidam,
608 3482 638 3522 v
651 3480 677 3519 c.
693 3457 952 3563 Amphistomatis
975 3478 1031 3519 co·

106 3582 152 3653 ci,
184 3578 346 3639 simillima
366 3580 482 3657 reperi.
527 3577 748 3637 Wernerus
770 3554 875 3653 (brev.
898 3576 1032 3654 exposit.

126 3702 172 3762 25.
193 3693 274 3755 Tab
295 3693 320 3759 l
348 3693 415 3789 th
437 3702 472 3761 5·
463 3697 535 3782 ·.8)
556 3689 666 3753 oscula
690 3691 850 3749 Taeniae
846 3687 942 3789 ‘⁹⁰3⁵‘
961 3692 1051 3780 pari..
