2446 4644
133 429 305 509 propriam
315 426 438 509 degcre
458 400 578 506 potest,
598 424 690 507 quod
708 429 743 485 in
758 394 914 488 Naidibus
933 449 962 490 v.
982 450 1028 517 c.=

110 557 254 622 tpertum
276 556 341 616 est,
366 543 413 600 uti
435 546 529 603 etiam
549 544 708 607 vermium
727 539 941 621 plurimorum
961 543 1010 602 di·
1044 546 1047 551 '
1084 599 1088 613 ,
1117 607 1129 616 ..

110 676 175 716 une
196 671 265 716 arte
285 656 385 731 facta,
408 671 516 736 partes
536 656 649 718 divisas
671 660 719 716 sui
737 659 815 736 juris
837 671 869 717 et
889 661 1010 718 anima·
1092 684 1095 690 ·

115 771 266 852 perfecta
295 771 326 831 e‘t
352 775 479 853 integra
506 770 577 832 fieri
605 751 818 835 observamus·
879 770 1009 854 Absque
1047 774 1049 793 '

136 889 253 969 igitur,
271 883 326 945 vel
349 854 469 966 absque
490 904 623 971 sexuum
644 885 856 968 discretorum
876 880 1009 971 concur·

110 1003 305 1084 propagatio
326 996 412 1058 hisce
433 999 630 1060 conceditur.
1025 966 1030 986 l

110 1113 184 1176 Alia
205 1119 342 1186 iterum,
362 1117 497 1174 maxime
517 1114 691 1195 simplicia,
711 1114 830 1177 natalie
848 1119 952 1178 minus
966 1113 1009 1181 ¹li·

110 1243 162 1289 sta
192 1220 334 1305 habentj
371 1244 404 1289 et
433 1249 470 1289 ex
489 1229 653 1310 particulis
676 1229 813 1292 aliorum
834 1251 1010 1312 corporum

111 1337 214 1404 u'nicis
247 1344 405 1424 originem
434 1343 553 1407 ducere
581 1361 726 1424 possunt.
775 1347 826 1406 Sic
852 1350 886 1411 iu
913 1349 1011 1426 parti·

145 1459 303 1545 organicis
337 1471 401 1522 tam
432 1450 619 1519 animalibus
649 1454 745 1541 quam
780 1458 1010 1551 vegetabilibus
1105 1458 1107 1462 ⁴

111 1591 138 1632 a
165 1570 276 1632 infusis
307 1586 339 1631 et
358 1577 525 1634 annueretis
546 1545 735 1655 animalcula
756 1579 904 1636 oriuntur
924 1578 1011 1638 varia
1067 1634 1072 1644 ,

111 1706 295 1760 nnumera,
323 1685 479 1748 infusoria
500 1688 602 1764 dicta,
631 1689 673 1749 de
695 1668 836 1771 quorum
854 1704 948 1765 ortu,
967 1708 1012 1749 ne

112 1776 292 1884 {elonges
320 1799 411 1879 fiam,
454 1800 495 1862 ad
520 1802 823 1885 Wrisbergium
857 1800 1013 1883 (Biblru

111 1919 144 1997 .]
176 1930 210 2001 et
236 1916 518 1978 Treviranum
547 1914 712 1998 (Biologie
733 1914 807 1979 Vol.
828 1915 867 1976 Π.
888 1937 921 1997 p.
942 1916 1010 1995 264.

112 2037 156 2114 1.)
175 2032 314 2094 lectores
338 2029 486 2115 ablegare
506 2029 609 2092 liceat.
650 2031 786 2113 Parique
805 2034 931 2093 ratione
946 2036 1012 2092 eni·

112 2146 193 2209 cula
224 2145 389 2207 seminalia
416 2143 468 2207 vel
489 2160 595 2227 cetera
620 2141 787 2232 Phytozoa
812 2149 847 2206 in
873 2146 1013 2207 animali·

133 2263 214 2322 vivis
235 2259 344 2337 obvia,
363 2282 424 2324 uec
444 2280 513 2323 non
533 2237 651 2345 fungos
673 2259 835 2343 quoslibet
849 2263 927 2322 oriri
945 2280 1013 2321 cre·
1086 2258 1088 2262 ⁴

112 2378 204 2437 erim.
620 2372 625 2380 ’

112 2480 262 2550 Entozoa
281 2480 376 2552 simili
395 2514 529 2577 prorsus
550 2491 651 2552 modo
672 2495 706 2551 in
728 2490 916 2554 animalibus
934 2468 1012 2553 vivis
1058 2547 1060 2551 ,
1083 2540 1087 2545 .

112 2621 281 2667 creantur.
342 2609 468 2668 Horum
506 2611 590 2668 enim
622 2587 785 2687 particulis
822 2605 1014 2688 quibusdam

113 2739 163 2781 us
185 2719 377 2796 assimilatis,
420 2722 562 2804 indeque
588 2743 660 2782 cum
687 2722 819 2804 reliquis
846 2739 916 2783 non
937 2737 1014 2783 con·
1086 2718 1095 2725 ’

113 2833 276 2909 lentibus,
309 2831 362 2895 vel
390 2834 429 2895 ab
454 2818 568 2898 iisdem
588 2837 793 2918 separandis,
825 2850 940 2915 utpote
961 2853 1014 2894 or·

113 2948 197 3027 iois,
222 2942 285 3010 vita
299 2945 438 3030 ⁴propria
458 2951 655 3032 conceditur.
694 2947 817 3010 Isthaec
840 2968 1014 3027 corpuscu-
1079 2974 1082 2979 ·

113 3078 131 3121 ι
161 3040 253 3145 parte
283 3057 422 3144 quadam
461 3064 588 3127 animali
628 3061 840 3144 disjungenda
868 3064 1015 3144 germine

113 3154 191 3254 ¹uit,
232 3199 303 3238 curn
323 3177 453 3259 reliquis
472 3181 557 3237 miro
577 3178 679 3237 modo
697 3159 950 3265 convenientia„
982 3187 1015 3233 et

113 3290 239 3353 iisdem
274 3291 382 3352 similis
416 3296 576 3354 iuvenitur
607 3289 770 3366 evolutio,
810 3290 1016 3370 partiumque

113 3399 240 3469 iicatio.

113 3517 297 3586 putredine
316 3542 385 3583 non
406 3543 493 3604 opus.
510 3532 576 3598 est,'
606 3542 671 3603 qua
689 3537 814 3613 veteres
834 3520 1033 3602 generatio-l

114 3652 136 3694 1
162 3642 369 3720 aequivocam
388 3637 458 3699 fieri
478 3636 676 3712 statuebant,
709 3639 770 3698 nisi
791 3639 851 3698 ista
871 3632 940 3696 solu
961 3634 1017 3695 ad·
1038 3630 1041 3635 Δ

114 3764 193 3815 inte
220 3770 328 3836 partes
356 3733 531 3837 ¹organicae
559 3753 694 3855 disjungi
724 3767 755 3812 et
790 3770 866 3813 suae
894 3751 1016 3832 spontis
