2446 4644
903 260 910 273 a
985 242 1045 314 237

102 394 196 454 uerit
202 434 213 466 ,
239 389 377 467 lineam,
403 387 534 448 nonnisi
559 381 773 446 muscularem
803 406 873 448 esse
889 394 1045 473 ¹cognovi,

101 530 143 570 ec
169 494 287 588 postea
317 503 369 566 vel
397 506 432 563 in
458 499 629 561 Ascaride
655 500 900 578 lumbricoide,
922 504 984 566 -vel
1010 511 1047 568 in

101 624 266 702 crongylo
287 621 469 698 giganteo,
496 615 549 677 vel
568 615 853 696 Echinorlsynclto
878 619 1044 698 Giganta,

101 753 139 798 nt
152 734 225 796 'alio
246 732 444 819 quecunque
465 751 576 793 verme
588 707 783 792 ‘intestinali
796 751 972 794 nervorum
993 755 1047 797 ve-

101 853 214 935 igium
234 853 351 930 reperi.

141 968 245 1027 Nervi
266 979 330 1025 tam
350 968 384 1024 in
404 964 550 1038 insectis,
581 980 677 1043 quam
696 956 731 1025 in
750 964 924 1025 Lumbrico
946 980 1048 1029 tarra-
1148 982 1152 989 ·

101 1086 141 1141 wi
149 1124 160 1156 ,
175 1116 180 1123 ·
193 1080 371 1155 Himdine,
406 1077 538 1163 reliquis
559 1077 711 1141 facillimo
731 1080 928 1162 detegendi,
958 1079 1049 1141 filum

101 1200 204 1259 istunt
232 1191 437 1256 abdominale
446 1237 457 1268 ,
489 1213 509 1252 a
529 1196 633 1272 capite
655 1193 697 1253 ad
717 1195 851 1257 caudam
872 1210 1053 1281 extensum„

102 1298 219 1397 usiadis
246 1309 392 1391 plurimis
422 1328 480 1367 seu
508 1305 643 1389 gangliis
662 1311 870 1385 instructum,
906 1331 945 1371 ex
978 1314 1050 1393 qui-

102 1445 147 1487 us
169 1425 285 1487 ramuli
307 1439 414 1484 ortum
436 1424 574 1500 capiunt.
614 1421 653 1481 In
673 1422 827 1495 Entozois
848 1423 956 1487 lineae
979 1428 1050 1506 qui.
1082 1505 1086 1514 Ι
1180 1416 1185 1426 “

101 1560 164 1601 em
182 1538 331 1600 laterales
352 1542 437 1598 intus
459 1551 592 1613 exstant,
619 1537 678 1599 sed
697 1536 812 1600 harum
826 1539 948 1623 piures,
970 1544 1051 1622 quin

102 1654 252 1727 aterdmn
280 1653 433 1735 plurimas
462 1672 532 1713 esse
559 1673 656 1732 supra
682 1660 813 1731 monui,
849 1657 1050 1739 eaedemque
1091 1712 1095 1719 ,

102 1748 241 1830 {branam
260 1754 545 1852 lengitudinalium
565 1766 624 1827 sibi
636 1770 865 1849 'appositarum
872 1815 884 1847 ,
911 1771 1049 1857 gangliis

102 1884 186 1947 sullis
201 1888 454 1965 interceptarum
463 1927 474 1958 ,
495 1880 662 1943 fasciculos
686 1881 886 1960 efformatis)-
897 1886 1050 1948 fibrarum

102 2020 155 2080 »pe
176 1999 434 2063 transversalium
450 1996 571 2080 ubique
589 1997 795 2079 interseptos.
828 2002 937 2083 Quid?
958 2001 1050 2084 quod

102 2086 198 2177 ineie
223 2114 296 2175 illae
326 2136 384 2175 seu
413 2112 566 2176 fibrarum
596 2113 876 2197 longitudinalium
906 2115 1057 2177 fasciculi·

102 2230 225 2293 solitarii
248 2231 378 2290 demum
392 2232 427 2289 in
443 2243 575 2303 stratum
590 2227 743 2292 fibrarum
763 2251 935 2292 commune
948 2248 1054 2310 trans-

102 2361 189 2422 eunt,
216 2330 364 2425 quale‘in
383 2342 652 2431 Echirrorhyncho
676 2343 838 2424 descripsi.
883 2345 1052 2406 Fibrarum

102 2480 192 2540 porro
209 2458 492 2541 longitudinalium
512 2459 612 2519 lineas
633 2479 692 2520 seu
708 2460 876 2521 fasciculos
896 2460 1052 2551 effingen-

102 2568 173 2635 tinm
191 2590 306 2635 natura
319 2573 458 2647 alterius
480 2577 657 2635 examinata
664 2619 676 2649 ,
710 2573 769 2635 hos
792 2576 910 2636 eodem
929 2573 1051 2657 ubique

102 2692 193 2765 modo
222 2692 330 2751 cutem'
356 2689 485 2772 ingredi
512 2675 565 2749 vei
593 2693 684 2749 strati
710 2690 897 2763 muscularis
926 2705 1053 2770 partem

102 2802 221 2866 aficere
252 2804 381 2866 abunde
407 2819 508 2883 patet.
561 2806 687 2865 Nervos
715 2798 873 2880 'tandem,
906 2825 988 2886 qnos
1018 2809 1053 2867 in

102 2914 253 2981 Himdine
274 2938 306 2982 et
325 2920 455 2981 insectis
476 2917 619 2998 parvulis
638 2938 802 2998 nunquam
817 2918 937 2980 frustra
955 2942 1053 3002 qnae-

102 3030 220 3113 ἀπίω,
251 3036 310 3096 sed
329 3035 489 3096 levissimo
512 3038 647 3117 negotio
669 3031 789 3092 cultelli
817 3032 868 3092 vel
890 3055 965 3093 acus
987 3056 1052 3116 ope

102 3149 322 3230 explicuerim,
355 3154 390 3207 in
410 3151 560 3209 Entozois
589 3151 704 3219 tantis,
740 3166 778 3207 ac
799 3146 974 3231 Strongylo
997 3149 1054 3208 Gi-

103 3240 208 3340 3ante,
242 3263 658 3341 Ascarideffilumbricoidffi
691 3257 962 3343 Echinorhyncho
999 3260 1054 3320 Gi-

103 3390 207 3457 iflnte,
230 3383 257 3441 si
277 3400 355 3440 vere
377 3380 543 3454 adessent,
571 3379 745 3439 certissime
769 3377 972 3434 invenissem.

128 3512 132 3517 ·
153 3499 231 3559 Non
253 3510 307 3573 est,
322 3511 445 3571 tamen,
475 3493 564 3575 quod
583 3493 735 3552 Entozeis
756 3489 963 3549 substantiam
984 3504 1069 3551 om·'

103 3616 172 3672 lem
197 3612 352 3672 nerveam
386 3611 537 3692 deneges.
591 3607 730 3668 Plurima
763 3607 848 3662 enim
877 3606 911 3661 in
941 3604 1055 3664 iisdem

103 3709 187 3802 iunt‘,
209 3745 293 3808 quae
312 3729 442 3789 nonnisi
462 3726 614 3805 principii
633 3722 744 3784 nervei
764 3715 817 3780 vel
839 3719 982 3815 auspicio
1002 3712 1054 3781 vel
