2446 4644
103 411 283 502 ysticercns
311 428 376 472 tam
412 410 548 472 hominis
584 432 680 494 quam
713 406 788 495 eqni
818 387 950 476 minime*
975 419 1039 479 fre.

102 553 185 594 uens
206 532 384 602 invenitur,
419 543 454 587 ut
476 529 517 587 de
538 526 658 608 equine
680 526 852 594 diutissime
874 531 1039 595 dubitave-
1075 512 1097 531 ”
1162 558 1165 574 ·

104 664 163 722 nt,
187 644 383 724 tandemque
405 664 423 702 a
445 640 657 703 Chaberto
679 659 825 746 repertus
848 649 905 722 sit,
934 653 1040 719 vesica
1120 652 1124 663 '

102 761 208 824 tudali
228 760 413 842 longissima
432 772 470 817 et
489 740 677 847 tennissima
699 760 839 843 insignis.
900 760 1038 823 Echino-

102 892 200 944 >ccus'
220 880 253 935 in
272 896 327 932 mu
328 874 379 932 ltis
328 840 566 931 lhominnm
591 871 729 934 millibus
750 895 818 935 non
837 874 1038 959 observatur,

102 994 215 1054 tndem
233 1009 300 1049 una
322 987 469 1049 alterave
481 990 550 1046 vice
573 975 908 1061 occurri13Taeniae
929 980 1039 1070 ipsae,

102 1107 185 1169 itera
207 1104 335 1166 saltem
342 1103 517 1162 earundem
538 1110 678 1184 species,
717 1098 943 1204 quibusdam
934 1127 968 1197 m
987 1128 1040 1167 ra-

102 1221 235 1284 ionibus
257 1222 414 1292 rariores,
450 1233 486 1276 ut
506 1220 547 1283 Τ.
566 1193 631 1329 lata
650 1219 744 1281 ndbis
765 1200 910 1296 insolita,
946 1224 1040 1296 ιπίε-

106 1358 163 1419 nie
184 1349 306 1394 tantum
327 1336 548 1420 conspiciatur.
763 1336 766 1341 ’

146 1452 215 1508 Si
205 1469 268 1529 Jam
300 1451 334 1505 in
363 1446 503 1507 familiae
536 1435 682 1513 ιιιθιιιίιιο
711 1448 825 1510 decem
853 1449 904 1510 vel
930 1451 1039 1532 plures
1088 1484 1093 1495 =

105 1581 161 1627 ost
180 1544 344 1625 hominum
373 1554 509 1638 aetates,
540 1567 656 1624 vermis
678 1566 840 1644 cujusdam
866 1550 987 1626 insoliti
1008 1583 1041 1628 et

102 1684 215 1743 arioris
237 1682 358 1758 species
380 1683 530 1757 occurrit,
552 1678 683 1740 seminia
703 1676 833 1773 hnjnsce
852 1700 912 1759 per
927 1698 1038 1742 omnes
1098 1699 1120 1720 ‘·

102 1795 226 1859 emiliae
247 1814 298 1867 rna
302 1808 364 1851 tres
386 1780 562 1867 transiisse,
601 1796 634 1853 et
652 1796 686 1851 in
704 1789 768 1850 hoc
789 1793 919 1853 tandem
941 1794 1041 1876 expli

104 1896 157 1973 ata
177 1931 266 1985 esse,
300 1907 486 1991 fingendum
507 1907 610 1982 foret,
645 1886 736 1991 qnod
755 1904 832 1964 mihi
852 1906 964 1970 saltem
983 1912 1038 2008 ab·

102 2039 201 2088 onu'm
221 2024 354 2083 videtur
404 2021 508 2081 Ovula
536 2025 621 2084 enim
644 2021 867 2084 Entozoorum
886 2045 946 2104 per
968 2018 1058 2091 cenf‘
1087 2080 1091 2087 .

102 2162 153 2200 nm
180 2138 232 2200 vel
260 2137 347 2197 mille
374 2157 474 2198 annos
504 2140 686 2197 conservari
713 2144 821 2216 posse,
845 2140 870 2196 si
891 2155 1039 2203 naturam
1092 2113 1121 2151 ‘¹

102 2221 201 2323 crisin
222 2257 426 2315 tenerrimam
447 2267 641 2331 spectamus,
670 2248 767 2310 fidem
791 2256 923 2311 omnino
946 2277 1041 2336 supe.
1101 2262 1105 2267 '

103 2387 152 2451 at,
176 2385 208 2430 et
228 2370 342 2431 eadem
361 2367 436 2427 loco
458 2367 534 2426 licet
554 2386 699 2449 congruo
721 2382 930 2443 conservata,
960 2385 1039 2431 atta·
1095 2445 1097 2450 Α

102 2505 163 2547 nen
182 2503 251 2544 non
273 2483 414 2557 excludi,
449 2482 562 2543 sedin
583 2481 661 2540 alios
682 2470 789 2560 potius
811 2477 1059 2566 transmigrare

102 2615 212 2676 octus,
234 2619 336 2679 aeque
355 2593 556 2672 incredibile,
582 2616 618 2656 ac
639 2599 664 2656 si
685 2595 831 2655 omnibus
854 2599 1039 2667 animalibus
1085 2660 1086 2665 ,
1137 2636 1140 2641 ·

102 2719 231 2806 bmnium
269 2716 426 2773 vermium
450 2684 597 2771 86111111111
631 2721 789 2776 connata*
807 2732 891 2786 esse)
938 2731 976 2776 111
1006 2720 1040 2780 111

102 2831 281 2889 »trucissimis
312 2826 539 2902 excludantur,
579 2804 794 2910 hypotheseos
824 2832 926 2908 gratia
956 2854 1041 2896 assu-

102 2965 178 3005 nere
198 2943 285 3003 velis.

149 3059 290 3138 Argum
316 3056 352 3114 ΙΙ
394 3055 538 3122 Modns,
582 3075 648 3135 qno
677 3055 842 3112 vermium
872 3057 1017 3113 ovula
1002 3081 1041 3117 ιιι
1084 3120 1086 3126 ,

121 3223 126 3229 ,
207 3173 328 3230 matris
349 3184 498 3235 itteram,
534 3168 637 3249 inquo
648 3168 785 3247 foetum
806 3172 1078 3247 transporten·'

206 3284 382 3364 tnr,fiagi
401 3283 524 3364 nequit.
597 3298 599 3303 ·

114 3390 267 3462 Omnes
291 3398 472 3458 animalium
493 3388 617 3455 vermes
637 3398 663 3454 si
685 3360 780 3455 ovula
796 3393 942 3470 ederent,
963 3393 1043 3457 haec

103 3537 198 3577 amen
219 3518 260 3576 ad
280 3519 387 3574 matris
408 3529 537 3572 uterum
557 3508 610 3569 vel
630 3512 775 3569 ovarium
804 3508 902 3582 ferri,
944 3500 1043 3597 etsie

102 3632 268 3711 =orundem
298 3625 523 3710 embryonihus
547 3625 702 3704 impertiri
721 3632 837 3703 pesse,
875 3644 1044 3709 nunqnam

103 3763 270 3807 tatuerem.
331 3735 463 3801 Vermes
485 3744 518 3799 in
539 3736 716 3819 omnibus,
744 3754 897 3818 utsupra
918 3745 1044 3820 exposi.
1067 3741 1068 3745 ’

1198 1152 1206 1181 l
