<?xml version="1.0" encoding="UTF-8"?>
<!DOCTYPE html PUBLIC "-//W3C//DTD XHTML 1.0 Transitional//EN"
    "http://www.w3.org/TR/xhtml1/DTD/xhtml1-transitional.dtd">
<html xmlns="http://www.w3.org/1999/xhtml" xml:lang="en" lang="en">
 <head>
  <title>
</title>
<meta http-equiv="Content-Type" content="text/html;charset=utf-8" />
  <meta name='ocr-system' content='tesseract 3.04.00' />
  <meta name='ocr-capabilities' content='ocr_page ocr_carea ocr_par ocr_line ocrx_word'/>
</head>
<body>
  <div class='ocr_page' id='page_1' title='image "./entozoorumsivev02rudogoog_0210.png"; bbox 0 0 2446 4644; ppageno 0'>
   <div class='ocr_carea' id='block_1_1' title="bbox 104 135 1201 3340">
    <p class='ocr_par' dir='ltr' id='par_1_1' title="bbox 386 135 1040 187">
     <span class='ocr_line' id='line_1_1' title="bbox 386 135 1040 187; baseline -0.003 2"><span class='ocrx_word' id='word_1_1' title='bbox 386 135 393 163; x_wconf 68' lang='grc' dir='ltr'><strong><em>Ι</em></strong></span> <span class='ocrx_word' id='word_1_2' title='bbox 1036 166 1040 187; x_wconf 91' lang='lat' dir='ltr'>t</span> 
     </span>
    </p>

    <p class='ocr_par' dir='ltr' id='par_1_2' title="bbox 104 230 1201 3340">
     <span class='ocr_line' id='line_1_2' title="bbox 1055 230 1174 321; baseline 0 -15"><span class='ocrx_word' id='word_1_3' title='bbox 1055 245 1114 321; x_wconf 72' lang='lat'>183</span> <span class='ocrx_word' id='word_1_4' title='bbox 1171 230 1174 235; x_wconf 42' lang='lat'><strong><em>¹</em></strong></span> 
     </span>
     <span class='ocr_line' id='line_1_3' title="bbox 145 372 1112 476; baseline 0.01 -28.593"><span class='ocrx_word' id='word_1_5' title='bbox 145 372 664 471; x_wconf 58' lang='lat' dir='ltr'>explicationemrecentis&#39;sistsa,</span> <span class='ocrx_word' id='word_1_6' title='bbox 692 401 725 448; x_wconf 88' lang='lat' dir='ltr'>et</span> <span class='ocrx_word' id='word_1_7' title='bbox 744 390 805 451; x_wconf 88' lang='lat' dir='ltr'>nisi</span> <span class='ocrx_word' id='word_1_8' title='bbox 824 382 1112 476; x_wconf 78' lang='lat' dir='ltr'>religioni&#39;hsbea·</span> 
     </span>
     <span class='ocr_line' id='line_1_4' title="bbox 146 484 1166 591; baseline 0.004 -28"><span class='ocrx_word' id='word_1_9' title='bbox 146 517 220 575; x_wconf 56' lang='lat' dir='ltr'>tur,²</span> <span class='ocrx_word' id='word_1_10' title='bbox 233 522 344 563; x_wconf 84' lang='lat' dir='ltr'>verme</span> <span class='ocrx_word' id='word_1_11' title='bbox 361 503 451 574; x_wconf 89' lang='lat' dir='ltr'>vivo,</span> <span class='ocrx_word' id='word_1_12' title='bbox 481 505 701 581; x_wconf 82' lang='lat' dir='ltr'>examinentur</span> <span class='ocrx_word' id='word_1_13' title='bbox 721 516 852 567; x_wconf 83' lang='lat' dir='ltr'>necesse</span> <span class='ocrx_word' id='word_1_14' title='bbox 872 522 928 568; x_wconf 87' lang='lat' dir='ltr'>est.</span> <span class='ocrx_word' id='word_1_15' title='bbox 971 484 1111 591; x_wconf 80' lang='lat' dir='ltr'>Quaevis</span> <span class='ocrx_word' id='word_1_16' title='bbox 1162 563 1166 567; x_wconf 85' lang='lat'>.</span> 
     </span>
     <span class='ocr_line' id='line_1_5' title="bbox 119 619 1120 707; baseline 0.005 -27"><span class='ocrx_word' id='word_1_17' title='bbox 119 646 122 651; x_wconf 94' lang='lat'>·</span> <span class='ocrx_word' id='word_1_18' title='bbox 147 632 255 680; x_wconf 83' lang='lat' dir='ltr'>eutem</span> <span class='ocrx_word' id='word_1_19' title='bbox 275 619 390 701; x_wconf 85' lang='lat' dir='ltr'>sectio,</span> <span class='ocrx_word' id='word_1_20' title='bbox 408 634 519 676; x_wconf 87' lang='lat' dir='ltr'>verme</span> <span class='ocrx_word' id='word_1_21' title='bbox 538 621 669 697; x_wconf 87' lang='lat' dir='ltr'>patinae</span> <span class='ocrx_word' id='word_1_22' title='bbox 688 621 793 680; x_wconf 87' lang='lat' dir='ltr'>minus</span> <span class='ocrx_word' id='word_1_23' title='bbox 813 620 1007 700; x_wconf 74' lang='lat' dir='ltr'>profundae,</span> <span class='ocrx_word' id='word_1_24' title='bbox 1026 635 1120 707; x_wconf 70' lang='lat' dir='ltr'>&#39;aque-</span> 
     </span>
     <span class='ocr_line' id='line_1_6' title="bbox 145 733 1111 816; baseline 0.004 -21"><span class='ocrx_word' id='word_1_25' title='bbox 145 733 297 814; x_wconf 79' lang='lat' dir='ltr'>replstee,</span> <span class='ocrx_word' id='word_1_26' title='bbox 315 734 469 804; x_wconf 84' lang='lat' dir='ltr'>immisso,</span> <span class='ocrx_word' id='word_1_27' title='bbox 492 745 533 807; x_wconf 85' lang='lat' dir='ltr'>et,</span> <span class='ocrx_word' id='word_1_28' title='bbox 552 735 739 814; x_wconf 76' lang='lat' dir='ltr'><strong>praeprimis</strong></span> <span class='ocrx_word' id='word_1_29' title='bbox 759 737 785 795; x_wconf 92' lang='lat' dir='ltr'>si</span> <span class='ocrx_word' id='word_1_30' title='bbox 800 751 1027 816; x_wconf 84' lang='lat' dir='ltr'>praeparatum</span> <span class='ocrx_word' id='word_1_31' title='bbox 1046 757 1111 799; x_wconf 80' lang='lat' dir='ltr'>ser·</span> 
     </span>
     <span class='ocr_line' id='line_1_7' title="bbox 143 846 1132 941; baseline 0.003 -32"><span class='ocrx_word' id='word_1_32' title='bbox 143 869 221 909; x_wconf 80' lang='lat' dir='ltr'>vare</span> <span class='ocrx_word' id='word_1_33' title='bbox 240 846 341 919; x_wconf 82' lang='lat' dir='ltr'>lubet,</span> <span class='ocrx_word' id='word_1_34' title='bbox 363 866 455 907; x_wconf 84' lang='lat' dir='ltr'>cerae</span> <span class='ocrx_word' id='word_1_35' title='bbox 475 846 733 941; x_wconf 32' lang='lat' dir='ltr'>rubrse&#39;lamina¹</span> <span class='ocrx_word' id='word_1_36' title='bbox 752 849 906 929; x_wconf 78' lang='lat' dir='ltr'>subjecta,</span> <span class='ocrx_word' id='word_1_37' title='bbox 927 864 1132 935; x_wconf 82' lang='lat' dir='ltr'>peragatur,·</span> 
     </span>
     <span class='ocr_line' id='line_1_8' title="bbox 104 946 1201 1049; baseline 0.007 -30"><span class='ocrx_word' id='word_1_38' title='bbox 104 1012 112 1019; x_wconf 91' lang='lat'><strong><em>.</em></strong></span> <span class='ocrx_word' id='word_1_39' title='bbox 145 967 194 1025; x_wconf 86' lang='lat' dir='ltr'>in·</span> <span class='ocrx_word' id='word_1_40' title='bbox 208 983 272 1046; x_wconf 86' lang='lat' dir='ltr'>qua</span> <span class='ocrx_word' id='word_1_41' title='bbox 303 966 386 1034; x_wconf 83' lang='lat' dir='ltr'>catis</span> <span class='ocrx_word' id='word_1_42' title='bbox 416 962 609 1024; x_wconf 88' lang='lat' dir='ltr'>acicuIarum</span> <span class='ocrx_word' id='word_1_43' title='bbox 637 983 701 1045; x_wconf 88' lang='lat' dir='ltr'>ope</span> <span class='ocrx_word' id='word_1_44' title='bbox 727 946 828 1048; x_wconf 81' lang='lat' dir='ltr'>afligi,</span> <span class='ocrx_word' id='word_1_45' title='bbox 862 963 981 1026; x_wconf 85' lang='lat' dir='ltr'>aliaeve</span> <span class='ocrx_word' id='word_1_46' title='bbox 1000 978 1108 1044; x_wconf 82' lang='lat' dir='ltr'>partes</span> <span class='ocrx_word' id='word_1_47' title='bbox 1191 1034 1201 1049; x_wconf 41' lang='grc' dir='ltr'><em>Ι</em></span> 
     </span>
     <span class='ocr_line' id='line_1_9' title="bbox 146 1062 1106 1162; baseline 0.002 -23"><span class='ocrx_word' id='word_1_48' title='bbox 146 1080 259 1147; x_wconf 68' lang='lat' dir='ltr'>isdem</span> <span class='ocrx_word' id='word_1_49' title='bbox 283 1062 416 1161; x_wconf 77' lang='lat' dir='ltr'>insuper</span> <span class='ocrx_word' id='word_1_50' title='bbox 436 1077 610 1137; x_wconf 77' lang='lat' dir='ltr'>decussatis</span> <span class='ocrx_word' id='word_1_51' title='bbox 630 1077 765 1152; x_wconf 83' lang='lat' dir='ltr'>firmari,</span> <span class='ocrx_word' id='word_1_52' title='bbox 792 1078 945 1147; x_wconf 73' lang='lat' dir='ltr'><strong>meliusve</strong></span> <span class='ocrx_word' id='word_1_53' title='bbox 966 1081 1106 1162; x_wconf 75' lang='lat' dir='ltr'><strong>expandi</strong></span> 
     </span>
     <span class='ocr_line' id='line_1_10' title="bbox 114 1184 1126 1277; baseline -0.002 -22"><span class='ocrx_word' id='word_1_54' title='bbox 114 1230 131 1243; x_wconf 82' lang='lat'>=</span> <span class='ocrx_word' id='word_1_55' title='bbox 147 1207 273 1277; x_wconf 79' lang='lat' dir='ltr'>queant.</span> <span class='ocrx_word' id='word_1_56' title='bbox 315 1193 416 1277; x_wconf 65' lang='lat' dir='ltr'>Qerae</span> <span class='ocrx_word' id='word_1_57' title='bbox 440 1206 610 1271; x_wconf 85' lang='lat' dir='ltr'>praeterea</span> <span class='ocrx_word' id='word_1_58' title='bbox 636 1191 727 1252; x_wconf 88' lang='lat' dir='ltr'>color</span> <span class='ocrx_word' id='word_1_59' title='bbox 741 1184 857 1274; x_wconf 69' lang='lat' dir='ltr'>sspartes</span> <span class='ocrx_word' id='word_1_60' title='bbox 883 1197 998 1254; x_wconf 81' lang='lat' dir='ltr'>vermis</span> <span class='ocrx_word' id='word_1_61' title='bbox 1019 1192 1126 1255; x_wconf 78' lang='lat' dir='ltr'>albas·</span> 
     </span>
     <span class='ocr_line' id='line_1_11' title="bbox 148 1283 1169 1391; baseline 0.002 -24"><span class='ocrx_word' id='word_1_62' title='bbox 148 1295 180 1367; x_wconf 77' lang='lat' dir='ltr'>e&#39;t</span> <span class='ocrx_word' id='word_1_63' title='bbox 200 1305 365 1368; x_wconf 83' lang='lat' dir='ltr'>decolores</span> <span class='ocrx_word' id='word_1_64' title='bbox 387 1298 510 1385; x_wconf 77' lang='lat' dir='ltr'>optime</span> <span class='ocrx_word' id='word_1_65' title='bbox 529 1307 610 1368; x_wconf 86' lang='lat' dir='ltr'>visui</span> <span class='ocrx_word' id='word_1_66' title='bbox 628 1306 781 1388; x_wconf 85' lang='lat' dir='ltr'>praebet,</span> <span class='ocrx_word' id='word_1_67' title='bbox 808 1327 894 1391; x_wconf 79' lang='lat' dir='ltr'>aque</span> <span class='ocrx_word' id='word_1_68' title='bbox 913 1322 1019 1370; x_wconf 85' lang='lat' dir='ltr'>autem</span> <span class='ocrx_word' id='word_1_69' title='bbox 1039 1328 1109 1369; x_wconf 83' lang='lat' dir='ltr'>ees·</span> <span class='ocrx_word' id='word_1_70' title='bbox 1163 1283 1169 1292; x_wconf 77' lang='lat'>.</span> 
     </span>
     <span class='ocr_line' id='line_1_12' title="bbox 145 1390 933 1496; baseline -0.004 -11"><span class='ocrx_word' id='word_1_71' title='bbox 145 1423 220 1485; x_wconf 84' lang='lat' dir='ltr'>dem</span> <span class='ocrx_word' id='word_1_72' title='bbox 240 1419 428 1481; x_wconf 81' lang='lat' dir='ltr'>fluctuantes</span> <span class='ocrx_word' id='word_1_73' title='bbox 448 1434 611 1496; x_wconf 84' lang='lat' dir='ltr'>sustentet,</span> <span class='ocrx_word' id='word_1_74' title='bbox 631 1390 829 1484; x_wconf 47' lang='lat' dir='ltr'>uec⁴collabi</span> <span class='ocrx_word' id='word_1_75' title='bbox 850 1426 933 1485; x_wconf 81' lang='lat' dir='ltr'>sinit.</span> 
     </span>
     <span class='ocr_line' id='line_1_13' title="bbox 118 1533 1105 1621; baseline 0.002 -24"><span class='ocrx_word' id='word_1_76' title='bbox 118 1592 122 1597; x_wconf 88' lang='grc'><strong>.</strong></span> <span class='ocrx_word' id='word_1_77' title='bbox 156 1596 158 1601; x_wconf 81' lang='grc'><strong>,</strong></span> <span class='ocrx_word' id='word_1_78' title='bbox 202 1535 237 1594; x_wconf 85' lang='lat' dir='ltr'>si</span> <span class='ocrx_word' id='word_1_79' title='bbox 254 1533 475 1621; x_wconf 55' lang='lat' dir='ltr'>Ascuridem</span> <span class='ocrx_word' id='word_1_80' title='bbox 503 1534 784 1608; x_wconf 80' lang='lat' dir='ltr'>lumbricss&#39;dem,</span> <span class='ocrx_word' id='word_1_81' title='bbox 815 1538 955 1619; x_wconf 82' lang='lat' dir='ltr'>exempli</span> <span class='ocrx_word' id='word_1_82' title='bbox 984 1554 1105 1610; x_wconf 72' lang='lat' dir='ltr'>caussa,</span> 
     </span>
     <span class='ocr_line' id='line_1_14' title="bbox 134 1648 1105 1734; baseline 0.002 -23"><span class='ocrx_word' id='word_1_83' title='bbox 134 1648 322 1719; x_wconf 73' lang='lat' dir='ltr'>‘dissecandi</span> <span class='ocrx_word' id='word_1_84' title='bbox 342 1654 466 1711; x_wconf 87' lang='lat' dir='ltr'>animus</span> <span class='ocrx_word' id='word_1_85' title='bbox 486 1665 549 1724; x_wconf 87' lang='lat' dir='ltr'>est,</span> <span class='ocrx_word' id='word_1_86' title='bbox 579 1655 658 1713; x_wconf 86' lang='lat' dir='ltr'>cutis</span> <span class='ocrx_word' id='word_1_87' title='bbox 678 1673 696 1713; x_wconf 91' lang='lat' dir='ltr'>a</span> <span class='ocrx_word' id='word_1_88' title='bbox 716 1651 816 1716; x_wconf 85' lang='lat' dir='ltr'>latore</span> <span class='ocrx_word' id='word_1_89' title='bbox 836 1654 886 1715; x_wconf 88' lang='lat' dir='ltr'>vel</span> <span class='ocrx_word' id='word_1_90' title='bbox 905 1657 940 1713; x_wconf 87' lang='lat' dir='ltr'>in</span> <span class='ocrx_word' id='word_1_91' title='bbox 960 1651 1105 1734; x_wconf 86' lang='lat' dir='ltr'>qualibet</span> 
     </span>
     <span class='ocr_line' id='line_1_15' title="bbox 142 1740 1175 1850; baseline 0.003 -26"><span class='ocrx_word' id='word_1_92' title='bbox 142 1776 243 1847; x_wconf 82' lang='lat' dir='ltr'>parte,</span> <span class='ocrx_word' id='word_1_93' title='bbox 262 1740 390 1845; x_wconf 78' lang='lat' dir='ltr'>senspar</span> <span class='ocrx_word' id='word_1_94' title='bbox 410 1758 488 1829; x_wconf 84' lang='lat' dir='ltr'>vero</span> <span class='ocrx_word' id='word_1_95' title='bbox 507 1768 591 1827; x_wconf 86' lang='lat' dir='ltr'>inter</span> <span class='ocrx_word' id='word_1_96' title='bbox 611 1767 691 1830; x_wconf 85' lang='lat' dir='ltr'>duas</span> <span class='ocrx_word' id='word_1_97' title='bbox 705 1767 863 1831; x_wconf 83' lang='lat' dir='ltr'>lineartun</span> <span class='ocrx_word' id='word_1_98' title='bbox 880 1780 1020 1850; x_wconf 85' lang='lat' dir='ltr'>quatuor</span> <span class='ocrx_word' id='word_1_99' title='bbox 1032 1765 1104 1827; x_wconf 85' lang='lat' dir='ltr'>lon·</span> <span class='ocrx_word' id='word_1_100' title='bbox 1171 1760 1175 1767; x_wconf 83' lang='grc'><strong>’</strong></span> 
     </span>
     <span class='ocr_line' id='line_1_16' title="bbox 141 1879 1187 1971; baseline 0.003 -33"><span class='ocrx_word' id='word_1_101' title='bbox 141 1879 365 1971; x_wconf 79' lang='lat' dir='ltr'>gitudinelium</span> <span class='ocrx_word' id='word_1_102' title='bbox 387 1894 420 1942; x_wconf 90' lang='lat' dir='ltr'>et</span> <span class='ocrx_word' id='word_1_103' title='bbox 438 1884 664 1962; x_wconf 74' lang='lat' dir='ltr'>impresseram</span> <span class='ocrx_word' id='word_1_104' title='bbox 684 1882 745 1962; x_wconf 85' lang='lat' dir='ltr'>(da</span> <span class='ocrx_word' id='word_1_105' title='bbox 760 1881 876 1967; x_wconf 87' lang='lat' dir='ltr'>quibus</span> <span class='ocrx_word' id='word_1_106' title='bbox 887 1885 922 1942; x_wconf 87' lang='lat' dir='ltr'>in</span> <span class='ocrx_word' id='word_1_107' title='bbox 937 1882 1016 1961; x_wconf 87' lang='lat' dir='ltr'>Cap.</span> <span class='ocrx_word' id='word_1_108' title='bbox 1033 1880 1104 1941; x_wconf 84' lang='lat' dir='ltr'><strong>VII.-</strong></span> <span class='ocrx_word' id='word_1_109' title='bbox 1180 1888 1187 1897; x_wconf 74' lang='grc'><em>“</em></span> 
     </span>
     <span class='ocr_line' id='line_1_17' title="bbox 140 1996 1102 2081; baseline -0.002 -24"><span class='ocrx_word' id='word_1_110' title='bbox 140 1998 168 2074; x_wconf 65' lang='grc' dir='ltr'>ςζ</span> <span class='ocrx_word' id='word_1_111' title='bbox 193 2015 225 2055; x_wconf 79' lang='lat'>2.</span> <span class='ocrx_word' id='word_1_112' title='bbox 249 1998 380 2081; x_wconf 77' lang='lat' dir='ltr'>agam),</span> <span class='ocrx_word' id='word_1_113' title='bbox 408 2009 441 2055; x_wconf 92' lang='lat' dir='ltr'>et</span> <span class='ocrx_word' id='word_1_114' title='bbox 467 2016 486 2056; x_wconf 87' lang='lat' dir='ltr'>a</span> <span class='ocrx_word' id='word_1_115' title='bbox 514 1999 619 2078; x_wconf 85' lang='lat' dir='ltr'>capite</span> <span class='ocrx_word' id='word_1_116' title='bbox 644 1996 850 2075; x_wconf 86' lang='lat' dir='ltr'>incipiendo,</span> <span class='ocrx_word' id='word_1_117' title='bbox 885 1996 1023 2057; x_wconf 85' lang='lat' dir='ltr'>secanda</span> <span class='ocrx_word' id='word_1_118' title='bbox 1044 2010 1102 2068; x_wconf 90' lang='lat' dir='ltr'>est,</span> 
     </span>
     <span class='ocr_line' id='line_1_18' title="bbox 104 2106 1102 2194; baseline 0 -23"><span class='ocrx_word' id='word_1_119' title='bbox 104 2110 109 2115; x_wconf 84' lang='grc'><strong>’</strong></span> <span class='ocrx_word' id='word_1_120' title='bbox 141 2109 286 2171; x_wconf 81' lang='lat' dir='ltr'>cultellus</span> <span class='ocrx_word' id='word_1_121' title='bbox 306 2124 415 2173; x_wconf 85' lang='lat' dir='ltr'>sutem</span> <span class='ocrx_word' id='word_1_122' title='bbox 434 2110 486 2173; x_wconf 84' lang='lat' dir='ltr'>vel</span> <span class='ocrx_word' id='word_1_123' title='bbox 504 2109 607 2172; x_wconf 82' lang='lat' dir='ltr'>forfex</span> <span class='ocrx_word' id='word_1_124' title='bbox 628 2117 745 2194; x_wconf 88' lang='lat' dir='ltr'>(quam</span> <span class='ocrx_word' id='word_1_125' title='bbox 763 2106 964 2191; x_wconf 72' lang='lat' dir='ltr'>praeferam)</span> <span class='ocrx_word' id='word_1_126' title='bbox 989 2113 1035 2171; x_wconf 87' lang='lat' dir='ltr'>ita</span> <span class='ocrx_word' id='word_1_127' title='bbox 1055 2109 1102 2171; x_wconf 89' lang='lat' dir='ltr'>di-</span> 
     </span>
     <span class='ocr_line' id='line_1_19' title="bbox 138 2206 1101 2310; baseline -0.001 -23"><span class='ocrx_word' id='word_1_128' title='bbox 138 2229 270 2310; x_wconf 79' lang='lat' dir='ltr'>rigetur,</span> <span class='ocrx_word' id='word_1_129' title='bbox 289 2206 329 2284; x_wconf 82' lang='lat' dir='ltr'>ut</span> <span class='ocrx_word' id='word_1_130' title='bbox 352 2239 467 2306; x_wconf 84' lang='lat' dir='ltr'>partes·</span> <span class='ocrx_word' id='word_1_131' title='bbox 486 2229 635 2286; x_wconf 79' lang='lat' dir='ltr'>internae</span> <span class='ocrx_word' id='word_1_132' title='bbox 655 2223 797 2303; x_wconf 87' lang='lat' dir='ltr'>ejusdem</span> <span class='ocrx_word' id='word_1_133' title='bbox 820 2228 911 2304; x_wconf 87' lang='lat' dir='ltr'>apice</span> <span class='ocrx_word' id='word_1_134' title='bbox 936 2224 1022 2307; x_wconf 74' lang='lat' dir='ltr'>laedi</span> <span class='ocrx_word' id='word_1_135' title='bbox 1044 2243 1101 2299; x_wconf 61' lang='lat' dir='ltr'>tteh</span> 
     </span>
     <span class='ocr_line' id='line_1_20' title="bbox 138 2337 1159 2424; baseline 0 -24"><span class='ocrx_word' id='word_1_136' title='bbox 138 2354 274 2424; x_wconf 78' lang='lat' dir='ltr'>queant,</span> <span class='ocrx_word' id='word_1_137' title='bbox 294 2343 451 2422; x_wconf 78' lang='lat' dir='ltr'>margines</span> <span class='ocrx_word' id='word_1_138' title='bbox 473 2359 551 2402; x_wconf 83' lang='lat' dir='ltr'>vero</span> <span class='ocrx_word' id='word_1_139' title='bbox 573 2342 653 2400; x_wconf 87' lang='lat' dir='ltr'>cutis</span> <span class='ocrx_word' id='word_1_140' title='bbox 674 2338 823 2400; x_wconf 77' lang='lat' dir='ltr'>discissae</span> <span class='ocrx_word' id='word_1_141' title='bbox 844 2337 1016 2398; x_wconf 85' lang='lat' dir='ltr'>hincinde</span> <span class='ocrx_word' id='word_1_142' title='bbox 1037 2342 1103 2400; x_wconf 78' lang='lat' dir='ltr'>aci·</span> <span class='ocrx_word' id='word_1_143' title='bbox 1143 2352 1159 2371; x_wconf 81' lang='lat'>‘&#39;</span> 
     </span>
     <span class='ocr_line' id='line_1_21' title="bbox 138 2428 1162 2538; baseline -0.005 -19"><span class='ocrx_word' id='word_1_144' title='bbox 138 2457 283 2519; x_wconf 86' lang='lat' dir='ltr'>cularum</span> <span class='ocrx_word' id='word_1_145' title='bbox 304 2444 369 2535; x_wconf 85' lang='lat' dir='ltr'>opo</span> <span class='ocrx_word' id='word_1_146' title='bbox 395 2474 487 2515; x_wconf 83' lang='lat' dir='ltr'>ceras</span> <span class='ocrx_word' id='word_1_147' title='bbox 515 2430 690 2538; x_wconf 82' lang='lat' dir='ltr'>affigentur.</span> <span class='ocrx_word' id='word_1_148' title='bbox 732 2452 851 2515; x_wconf 83' lang='lat' dir='ltr'>Tracta</span> <span class='ocrx_word' id='word_1_149' title='bbox 875 2452 1045 2515; x_wconf 85' lang='lat' dir='ltr'>intestinali</span> <span class='ocrx_word' id='word_1_150' title='bbox 1069 2467 1101 2514; x_wconf 93' lang='lat' dir='ltr'>et</span> <span class='ocrx_word' id='word_1_151' title='bbox 1158 2428 1162 2438; x_wconf 39' lang='lat'><strong><em>¹</em></strong></span> 
     </span>
     <span class='ocr_line' id='line_1_22' title="bbox 136 2566 1176 2656; baseline -0.003 -25"><span class='ocrx_word' id='word_1_152' title='bbox 136 2569 325 2656; x_wconf 77' lang='lat' dir='ltr'>genitalibus</span> <span class='ocrx_word' id='word_1_153' title='bbox 345 2566 409 2629; x_wconf 92' lang='lat' dir='ltr'>boc</span> <span class='ocrx_word' id='word_1_154' title='bbox 428 2569 529 2633; x_wconf 84' lang='lat' dir='ltr'>modo</span> <span class='ocrx_word' id='word_1_155' title='bbox 551 2569 720 2632; x_wconf 82' lang='lat' dir='ltr'>denudatis</span> <span class='ocrx_word' id='word_1_156' title='bbox 746 2583 779 2630; x_wconf 88' lang='lat' dir='ltr'>et</span> <span class='ocrx_word' id='word_1_157' title='bbox 804 2572 839 2629; x_wconf 90' lang='lat' dir='ltr'>in</span> <span class='ocrx_word' id='word_1_158' title='bbox 858 2572 921 2628; x_wconf 88' lang='lat' dir='ltr'>situ</span> <span class='ocrx_word' id='word_1_159' title='bbox 940 2568 1099 2650; x_wconf 74' lang='lat' dir='ltr'>spectetis,</span> <span class='ocrx_word' id='word_1_160' title='bbox 1172 2596 1176 2603; x_wconf 57' lang='lat'><strong><em>¹</em></strong></span> 
     </span>
     <span class='ocr_line' id='line_1_23' title="bbox 137 2660 1099 2767; baseline -0.004 -18"><span class='ocrx_word' id='word_1_161' title='bbox 137 2687 253 2749; x_wconf 84' lang='lat' dir='ltr'>eadem</span> <span class='ocrx_word' id='word_1_162' title='bbox 274 2705 347 2753; x_wconf 85' lang='lat' dir='ltr'>ecus</span> <span class='ocrx_word' id='word_1_163' title='bbox 369 2660 502 2747; x_wconf 68' lang='lat' dir='ltr'>obtusae</span> <span class='ocrx_word' id='word_1_164' title='bbox 522 2683 574 2748; x_wconf 89' lang='lat' dir='ltr'>vel</span> <span class='ocrx_word' id='word_1_165' title='bbox 593 2682 716 2767; x_wconf 83' lang='lat' dir='ltr'>specilli</span> <span class='ocrx_word' id='word_1_166' title='bbox 737 2686 889 2744; x_wconf 81' lang='lat' dir='ltr'>tenuioris</span> <span class='ocrx_word' id='word_1_167' title='bbox 910 2702 975 2765; x_wconf 89' lang='lat' dir='ltr'>ope</span> <span class='ocrx_word' id='word_1_168' title='bbox 997 2681 1015 2744; x_wconf 85' lang='lat' dir='ltr'>a</span> <span class='ocrx_word' id='word_1_169' title='bbox 1037 2683 1099 2745; x_wconf 85' lang='lat' dir='ltr'>tela</span> 
     </span>
     <span class='ocr_line' id='line_1_24' title="bbox 136 2783 1197 2882; baseline -0.005 -19"><span class='ocrx_word' id='word_1_170' title='bbox 136 2802 187 2863; x_wconf 88' lang='lat' dir='ltr'>vel</span> <span class='ocrx_word' id='word_1_171' title='bbox 216 2783 344 2862; x_wconf 71' lang='lat' dir='ltr'>fibrfl&#39;lts</span> <span class='ocrx_word' id='word_1_172' title='bbox 368 2797 581 2861; x_wconf 83' lang='lat' dir='ltr'>ambientibus</span> <span class='ocrx_word' id='word_1_173' title='bbox 599 2798 757 2882; x_wconf 49' lang='lat' dir='ltr'>¹undique</span> <span class='ocrx_word' id='word_1_174' title='bbox 785 2797 963 2858; x_wconf 83' lang='lat' dir='ltr'>liberanda.</span> <span class='ocrx_word' id='word_1_175' title='bbox 1021 2797 1102 2878; x_wconf 83' lang='lat' dir='ltr'>Quo·</span> <span class='ocrx_word' id='word_1_176' title='bbox 1194 2870 1197 2875; x_wconf 21' lang='grc' dir='ltr'>Ι</span> 
     </span>
     <span class='ocr_line' id='line_1_25' title="bbox 134 2913 1097 3005; baseline -0.006 -27"><span class='ocrx_word' id='word_1_177' title='bbox 134 2918 224 2979; x_wconf 85' lang='lat' dir='ltr'>facto</span> <span class='ocrx_word' id='word_1_178' title='bbox 248 2915 344 3005; x_wconf 81' lang='lat' dir='ltr'>tubus</span> <span class='ocrx_word' id='word_1_179' title='bbox 371 2913 507 2976; x_wconf 88' lang='lat' dir='ltr'>cibarius</span> <span class='ocrx_word' id='word_1_180' title='bbox 535 2915 686 2995; x_wconf 84' lang='lat' dir='ltr'>utrinque</span> <span class='ocrx_word' id='word_1_181' title='bbox 713 2919 835 2993; x_wconf 87' lang='lat' dir='ltr'>(prope</span> <span class='ocrx_word' id='word_1_182' title='bbox 856 2926 953 2993; x_wconf 75' lang='lat' dir='ltr'>caput</span> <span class='ocrx_word' id='word_1_183' title='bbox 973 2925 1005 2973; x_wconf 87' lang='lat' dir='ltr'>et</span> <span class='ocrx_word' id='word_1_184' title='bbox 1025 2932 1097 2973; x_wconf 86' lang='lat' dir='ltr'>cau·</span> 
     </span>
     <span class='ocr_line' id='line_1_26' title="bbox 133 3009 1170 3112; baseline -0.005 -17"><span class='ocrx_word' id='word_1_185' title='bbox 133 3032 230 3110; x_wconf 76' lang='lat' dir='ltr'>dem)</span> <span class='ocrx_word' id='word_1_186' title='bbox 246 3009 442 3112; x_wconf 22' lang='lat' dir='ltr'>‘resecandus</span> <span class='ocrx_word' id='word_1_187' title='bbox 462 3043 495 3091; x_wconf 88' lang='lat' dir='ltr'>at</span> <span class='ocrx_word' id='word_1_188' title='bbox 512 3032 594 3093; x_wconf 87' lang='lat' dir='ltr'>inter</span> <span class='ocrx_word' id='word_1_189' title='bbox 606 3048 680 3090; x_wconf 86' lang='lat' dir='ltr'>vasa</span> <span class='ocrx_word' id='word_1_190' title='bbox 696 3027 842 3110; x_wconf 83' lang='lat' dir='ltr'>genitalia</span> <span class='ocrx_word' id='word_1_191' title='bbox 858 3033 942 3089; x_wconf 87' lang='lat' dir='ltr'>circa</span> <span class='ocrx_word' id='word_1_192' title='bbox 957 3026 1098 3091; x_wconf 78' lang='lat' dir='ltr'>eundem</span> <span class='ocrx_word' id='word_1_193' title='bbox 1167 3066 1170 3071; x_wconf 92' lang='lat'>·</span> 
     </span>
     <span class='ocr_line' id='line_1_27' title="bbox 134 3139 1097 3233; baseline -0.006 -26"><span class='ocrx_word' id='word_1_194' title='bbox 134 3152 220 3233; x_wconf 75' lang='lat' dir='ltr'>gyris</span> <span class='ocrx_word' id='word_1_195' title='bbox 231 3145 377 3227; x_wconf 84' lang='lat' dir='ltr'>plurimis</span> <span class='ocrx_word' id='word_1_196' title='bbox 393 3160 425 3205; x_wconf 88' lang='lat' dir='ltr'>et</span> <span class='ocrx_word' id='word_1_197' title='bbox 439 3149 531 3206; x_wconf 89' lang='lat' dir='ltr'>variis</span> <span class='ocrx_word' id='word_1_198' title='bbox 547 3143 813 3222; x_wconf 81' lang='lat' dir='ltr'>contortiplicata,</span> <span class='ocrx_word' id='word_1_199' title='bbox 836 3139 959 3223; x_wconf 88' lang='lat' dir='ltr'>absque</span> <span class='ocrx_word' id='word_1_200' title='bbox 979 3140 1097 3201; x_wconf 87' lang='lat' dir='ltr'>borum</span> 
     </span>
     <span class='ocr_line' id='line_1_28' title="bbox 133 3255 1102 3340; baseline -0.007 -18"><span class='ocrx_word' id='word_1_201' title='bbox 133 3263 292 3337; x_wconf 89' lang='lat' dir='ltr'>laesione,</span> <span class='ocrx_word' id='word_1_202' title='bbox 318 3280 418 3323; x_wconf 84' lang='lat' dir='ltr'>manu</span> <span class='ocrx_word' id='word_1_203' title='bbox 441 3277 594 3340; x_wconf 83' lang='lat' dir='ltr'>suspensa</span> <span class='ocrx_word' id='word_1_204' title='bbox 623 3255 845 3316; x_wconf 80' lang='lat' dir='ltr'>extrahendus.</span> <span class='ocrx_word' id='word_1_205' title='bbox 885 3255 972 3316; x_wconf 84' lang='lat' dir='ltr'>Vasa</span> <span class='ocrx_word' id='word_1_206' title='bbox 1000 3255 1102 3335; x_wconf 60' lang='lat' dir='ltr'>dicte,</span> 
     </span>
    </p>
   </div>
   <div class='ocr_carea' id='block_1_2' title="bbox 132 3368 1220 3461">
    <p class='ocr_par' dir='ltr' id='par_1_3' title="bbox 132 3368 1220 3461">
     <span class='ocr_line' id='line_1_29' title="bbox 132 3368 1220 3461; baseline -0.01 -24"><span class='ocrx_word' id='word_1_207' title='bbox 132 3377 270 3461; x_wconf 75' lang='lat' dir='ltr'>inCap.</span> <span class='ocrx_word' id='word_1_208' title='bbox 291 3375 378 3436; x_wconf 83' lang='lat' dir='ltr'><strong>XIII.</strong></span> <span class='ocrx_word' id='word_1_209' title='bbox 398 3378 425 3452; x_wconf 68' lang='grc' dir='ltr'>ς.</span> <span class='ocrx_word' id='word_1_210' title='bbox 448 3397 473 3435; x_wconf 84' lang='grc' dir='ltr'>ι.</span> <span class='ocrx_word' id='word_1_211' title='bbox 494 3373 625 3434; x_wconf 89' lang='lat' dir='ltr'>ulterius</span> <span class='ocrx_word' id='word_1_212' title='bbox 647 3368 867 3444; x_wconf 77' lang='lat' dir='ltr'>describenda,</span> <span class='ocrx_word' id='word_1_213' title='bbox 889 3378 958 3430; x_wconf 82' lang='lat' dir='ltr'>tum</span> <span class='ocrx_word' id='word_1_214' title='bbox 971 3368 1095 3431; x_wconf 81' lang='lat' dir='ltr'>facilius</span> <span class='ocrx_word' id='word_1_215' title='bbox 1155 3424 1157 3429; x_wconf 87' lang='grc'>,</span> <span class='ocrx_word' id='word_1_216' title='bbox 1216 3370 1220 3376; x_wconf 86' lang='grc'><strong>“</strong></span> 
     </span>
    </p>
   </div>
   <div class='ocr_carea' id='block_1_3' title="bbox 129 3478 1178 3693">
    <p class='ocr_par' dir='ltr' id='par_1_4' title="bbox 129 3478 1178 3693">
     <span class='ocr_line' id='line_1_30' title="bbox 130 3478 1178 3571; baseline -0.013 -16"><span class='ocrx_word' id='word_1_217' title='bbox 130 3496 167 3554; x_wconf 86' lang='lat' dir='ltr'>itt</span> <span class='ocrx_word' id='word_1_218' title='bbox 194 3506 268 3555; x_wconf 80' lang='lat' dir='ltr'>cera</span> <span class='ocrx_word' id='word_1_219' title='bbox 295 3478 506 3571; x_wconf 80' lang='lat' dir='ltr'>explicantur3</span> <span class='ocrx_word' id='word_1_220' title='bbox 537 3485 577 3547; x_wconf 83' lang='lat' dir='ltr'>ab</span> <span class='ocrx_word' id='word_1_221' title='bbox 604 3505 717 3547; x_wconf 87' lang='lat' dir='ltr'>eorum</span> <span class='ocrx_word' id='word_1_222' title='bbox 744 3500 849 3547; x_wconf 82' lang='lat' dir='ltr'>autem</span> <span class='ocrx_word' id='word_1_223' title='bbox 875 3485 1097 3547; x_wconf 77' lang='lat' dir='ltr'>attrectatione</span> <span class='ocrx_word' id='word_1_224' title='bbox 1169 3504 1178 3513; x_wconf 94' lang='lat'>·</span> 
     </span>
     <span class='ocr_line' id='line_1_31' title="bbox 129 3586 1101 3693; baseline -0.007 -24"><span class='ocrx_word' id='word_1_225' title='bbox 129 3607 258 3675; x_wconf 88' lang='lat' dir='ltr'>rudiori</span> <span class='ocrx_word' id='word_1_226' title='bbox 286 3606 478 3693; x_wconf 78' lang='lat' dir='ltr'>cayendum:</span> <span class='ocrx_word' id='word_1_227' title='bbox 508 3623 570 3686; x_wconf 84' lang='lat' dir='ltr'>qus</span> <span class='ocrx_word' id='word_1_228' title='bbox 598 3605 685 3663; x_wconf 76' lang='lat' dir='ltr'>enlm</span> <span class='ocrx_word' id='word_1_229' title='bbox 712 3586 804 3687; x_wconf 64' lang='lat' dir='ltr'>stylo&#39;</span> <span class='ocrx_word' id='word_1_230' title='bbox 821 3601 873 3663; x_wconf 88' lang='lat' dir='ltr'>vel</span> <span class='ocrx_word' id='word_1_231' title='bbox 896 3620 960 3663; x_wconf 81' lang='lat' dir='ltr'>acu</span> <span class='ocrx_word' id='word_1_232' title='bbox 979 3588 1101 3663; x_wconf 78' lang='lat' dir='ltr'>fortius</span> 
     </span>
    </p>
   </div>
   <div class='ocr_carea' id='block_1_4' title="bbox 132 3717 1100 3809">
    <p class='ocr_par' dir='ltr' id='par_1_5' title="bbox 132 3717 1100 3809">
     <span class='ocr_line' id='line_1_32' title="bbox 132 3717 1100 3809; baseline -0.009 -27"><span class='ocrx_word' id='word_1_233' title='bbox 132 3726 294 3809; x_wconf 82' lang='lat' dir='ltr'>tetigeris,</span> <span class='ocrx_word' id='word_1_234' title='bbox 320 3718 509 3783; x_wconf 80' lang='lat' dir='ltr'>vulnusculo</span> <span class='ocrx_word' id='word_1_235' title='bbox 537 3719 653 3780; x_wconf 86' lang='lat' dir='ltr'>oborto</span> <span class='ocrx_word' id='word_1_236' title='bbox 681 3718 774 3779; x_wconf 72' lang='lat' dir='ltr'>oiula</span> <span class='ocrx_word' id='word_1_237' title='bbox 800 3717 849 3778; x_wconf 89' lang='lat' dir='ltr'>vel</span> <span class='ocrx_word' id='word_1_238' title='bbox 874 3735 1000 3798; x_wconf 82' lang='lat' dir='ltr'>sperma</span> <span class='ocrx_word' id='word_1_239' title='bbox 1019 3728 1100 3774; x_wconf 71' lang='lat' dir='ltr'>mox&#39;</span> 
     </span>
    </p>
   </div>
   <div class='ocr_carea' id='block_1_5' title="bbox 0 0 1228 4644">
    <p class='ocr_par' dir='ltr' id='par_1_6' title="bbox 0 0 1228 4644">
     <span class='ocr_line' id='line_1_33' title="bbox 0 0 1228 4644; baseline 0 5"><span class='ocrx_word' id='word_1_240' title='bbox 0 0 1228 4644; x_wconf 95' lang='lat' dir='ltr'> </span> 
     </span>
    </p>
   </div>
  </div>
 </body>
</html>
