2476 4642
1042 234 1104 318 459

105 414 109 419 ·
141 392 347 464 intraverint,
368 407 490 447 vermes
512 382 859 469 tantopere'collectoa
880 386 1058 450 dilacerant
1071 406 1103 452 et

141 504 326 576 destruunt,
349 501 441 583 quod
460 505 493 561 in
515 502 678 562 anseribus
693 500 901 584 motibusque
921 486 1103 584 saepiusvi·
1166 488 1170 543 Ῐ

140 618 221 679 dere
251 631 316 690 est,
345 635 485 697 quorum
507 617 648 676 Taeniae
675 612 861 698 fragmentis
882 612 1047 678 avenaceis
1066 621 1103 680 in

139 729 281 792 frustula
302 733 425 801 minuta
454 732 600 792 concisae
627 745 708 790 sunt.
754 730 825 814 Ego
853 751 928 792 sane
953 736 1103 794 intestina

139 844 259 906 nullibi
281 844 319 904 ab
340 843 454 937 iisdem
474 863 550 903 vere
572 833 696 903 obstrui
717 844 833 919 crede,
859 849 996 927 proprio
1018 849 1102 906 enim
1152 894 1154 898 ,

142 972 177 1019 et
197 960 339 1018 intestini
359 972 451 1016 motu
471 953 532 1015 huc
552 953 668 1018 illucve
687 955 852 1032 feruntur,
882 974 913 1018 et
933 963 1002 1040 ipse
1023 980 1103 1020 sem·

140 1090 205 1153 per
234 1070 373 1131 debitam
403 1057 658 1145 faeculentorum
690 1074 726 1130 in
757 1074 851 1132 vitriis
879 1076 1103 1135 intestinorum

140 1184 289 1268 partibus
316 1188 503 1244 varietatem
525 1181 655 1244 offendi.
695 1183 803 1245 Multo
822 1204 903 1247 vero
923 1190 1026 1247 minus
1047 1186 1104 1247 ile·

141 1323 200 1362 um
236 1321 253 1359 a
282 1297 441 1359 vermibus
469 1302 545 1358 oriri
571 1318 684 1378 posse,
711 1277 852 1378 medicis,
879 1301 1103 1375 concederem,

140 1417 337 1475 intestinum·
363 1417 448 1473 enim
479 1411 563 1472 buic'
583 1412 711 1477 stimulo
743 1428 904 1476 assuetum
933 1424 1103 1495 tantopere

113 1554 116 1559 ·
143 1542 235 1589 certe
257 1527 295 1586 ab
314 1527 426 1588 iisdem
449 1531 568 1587 irritari
586 1531 709 1610 nequit,
729 1532 1047 1592 nec'irritamentum
1066 1528 1103 1589 il-
1125 1547 1129 1553 ·

142 1642 206 1703 lud
226 1643 450 1701 intestinorum
470 1657 595 1703 motum
617 1642 914 1720 antiperistaltlcutn
934 1641 985 1702 vel
1002 1646 1105 1703 intus·

143 1759 388 1837 susceptionem
409 1750 592 1814 mechanico
614 1746 741 1816 efficere
762 1774 868 1835 posse,
890 1758 986 1816 cuivis
1007 1766 1104 1835 patet.

146 1872 197 1935 Cl.
226 1874 316 1933 Dav.
339 1863 451 1929 Rahn
477 1868 737 1957 (Depassionis
767 1869 882 1929 iliacae
909 1866 1105 1952 patbologia.
1147 1856 1151 1873 '

146 1984 221 2047 Hal.
247 2005 332 2066 1791,
353 1989 382 2060 4,
403 2002 435 2064 Ρ,
460 1983 524 2061 19.)
550 1999 674 2065 yermes
695 1984 779 2065 intes
797 1980 852 2042 ilei
872 2002 996 2043 caussas
1017 2002 1108 2043 occu-

147 2098 286 2162 sionales
309 2093 516 2167 collocando,
545 2097 687 2174 quinque
709 2115 823 2156 eorum
843 2095 1107 2179 conglobationes

150 2219 185 2275 in
199 2210 307 2294 puella
319 2204 387 2275 ileo
411 2207 560 2269 defuncta
582 2194 749 2269 abHenr.
761 2229 809 2267 vo
819 2225 841 2267 n
855 2210 911 2271 He
921 2230 961 2270 er
979 2227 1109 2291 repertu

149 2348 219 2390 esse
238 2300 392 2401 meminit,
414 2327 489 2384 istos
513 2337 619 2386 eutem
637 2320 870 2383 lumbricorum
892 2321 1006 2407 globos
1028 2327 1054 2382 si
1068 2324 1108 2385 ab

127 2414 304 2503 *intestinis
319 2436 478 2500 violenter
497 2439 592 2497 motis
614 2451 703 2498 ortos
718 2436 855 2511 dixisset,
875 2408 1018 2497 caussam
1033 2457 1109 2498 sane

136 2553 263 2617 'melius
285 2550 494 2633 explicuisset,
515 2553 665 2610 intestino
688 2553 771 2612 enim
792 2549 918 2612 fortiter
933 2567 1109 2628 contracto,

149 2668 202 2731 vel
232 2688 296 2751 qua
321 2682 447 2746 partem
476 2668 559 2749 intus
581 2672 728 2745 suscepto
735 2685 907 2738 „vermes
936 2684 1109 2748 sequantur

149 2802 282 2847 necesse
305 2796 361 2855 est,
382 2800 443 2839 nec
464 2775 511 2837 his
528 2774 671 2860 unquam
686 2794 772 2840 tanta
789 2780 957 2840 resistendi
971 2785 1018 2841 vis
1035 2802 1110 2843 con·
1138 2756 1142 2761 Ι

148 2898 295 2970 ceditur,
317 2898 394 2976 quin
408 2895 502 2953 variis
525 2898 562 2950 eti
582 2896 697 2952 caussis
713 2893 908 2972 dejiciantur.
930 2894 997 2954 Cel.
1014 2869 1111 2956 dau-

109 3086 111 3093 ,
150 3022 270 3094 vages
292 3006 421 3090 (Nosol.
436 3003 581 3066 Method.
594 3007 632 3065 T.
645 3001 699 3064 ΠΙ.
721 3007 754 3064 P.
767 3025 794 3062 2.
810 3026 841 3084 p.
857 3016 922 3076 123.
943 3005 1026 3067 llcus
1040 3028 1112 3069 ver-

148 3127 322 3202 minosus.)
353 3121 406 3183 ilei
428 3123 549 3201 species
570 3119 808 3193 enumerando,
839 3123 1057 3180 verminosum
1077 3143 1112 3183 se

146 3244 184 3299 in
206 3233 447 3298 adolescentula
467 3233 582 3295 vidisse
602 3230 721 3306 refert,
751 3252 834 3312 quae
858 3252 919 3312 per
947 3254 982 3293 os
1004 3218 1112 3295 omnia

147 3358 1113 3399 -t-u—-n--a-l-oe———w--m

148 3453 306 3511 naeemiu
324 3451 534 3528 hydrocepbalo
560 3446 732 3512 obviam}
749 3450 887 3505 vermibus
906 3470 966 3505 non
987 3449 1068 3510 oriri,
1098 3469 1114 3502 a

146 3558 251 3601 contra
269 3540 389 3595 infantes
408 3540 581 3594 verminosos
607 3539 717 3613 saepius
737 3536 883 3593 diarrhoea
901 3537 1036 3591 chronica
1053 3535 1114 3593 affi-

147 3632 185 3695 ci,
208 3645 315 3686 monst.
354 3630 436 3682 Hanc
454 3646 469 3679 a
482 3643 554 3682 statu
568 3627 724 3690 asthenico,
741 3646 846 3683 vermes
858 3625 1049 3702 producente,-
1064 3624 1113 3679 de·

145 3714 299 3775 rivandam
319 3733 378 3770 esse
397 3729 482 3790 patet.
539 3709 543 3717 ’
988 3720 990 3727 “
