<?xml version="1.0" encoding="UTF-8"?>
<!DOCTYPE html PUBLIC "-//W3C//DTD XHTML 1.0 Transitional//EN"
    "http://www.w3.org/TR/xhtml1/DTD/xhtml1-transitional.dtd">
<html xmlns="http://www.w3.org/1999/xhtml" xml:lang="en" lang="en">
 <head>
  <title>
</title>
<meta http-equiv="Content-Type" content="text/html;charset=utf-8" />
  <meta name='ocr-system' content='tesseract 3.04.00' />
  <meta name='ocr-capabilities' content='ocr_page ocr_carea ocr_par ocr_line ocrx_word'/>
</head>
<body>
  <div class='ocr_page' id='page_1' title='image "./entozoorumsivev02rudogoog_0380.png"; bbox 0 0 2446 4644; ppageno 0'>
   <div class='ocr_carea' id='block_1_1' title="bbox 113 394 1043 865">
    <p class='ocr_par' dir='ltr' id='par_1_1' title="bbox 113 394 1028 623">
     <span class='ocr_line' id='line_1_1' title="bbox 113 394 1028 509; baseline 0.009 -28"><span class='ocrx_word' id='word_1_1' title='bbox 113 423 142 481; x_wconf 92' lang='lat' dir='ltr'><strong>ei</strong></span> <span class='ocrx_word' id='word_1_2' title='bbox 169 435 202 482; x_wconf 89' lang='lat' dir='ltr'><strong>et</strong></span> <span class='ocrx_word' id='word_1_3' title='bbox 228 394 340 503; x_wconf 76' lang='lat' dir='ltr'><strong>strigis</strong></span> <span class='ocrx_word' id='word_1_4' title='bbox 360 421 515 482; x_wconf 86' lang='lat' dir='ltr'><strong>Aluconis</strong></span> <span class='ocrx_word' id='word_1_5' title='bbox 542 438 693 486; x_wconf 87' lang='lat' dir='ltr'><strong>contextu</strong></span> <span class='ocrx_word' id='word_1_6' title='bbox 720 423 876 495; x_wconf 81' lang='lat' dir='ltr'><strong>cellnloso</strong></span> <span class='ocrx_word' id='word_1_7' title='bbox 898 427 1028 509; x_wconf 86' lang='lat' dir='ltr'><strong>detecti,</strong></span> 
     </span>
     <span class='ocr_line' id='line_1_2' title="bbox 121 538 967 623; baseline 0.007 -27"><span class='ocrx_word' id='word_1_8' title='bbox 121 556 141 596; x_wconf 85' lang='lat' dir='ltr'><strong>a</strong></span> <span class='ocrx_word' id='word_1_9' title='bbox 162 557 215 596; x_wconf 87' lang='lat' dir='ltr'><strong>me</strong></span> <span class='ocrx_word' id='word_1_10' title='bbox 237 538 368 617; x_wconf 81' lang='lat' dir='ltr'><strong>quoque</strong></span> <span class='ocrx_word' id='word_1_11' title='bbox 391 540 424 595; x_wconf 91' lang='lat' dir='ltr'><strong>in</strong></span> <span class='ocrx_word' id='word_1_12' title='bbox 447 541 597 600; x_wconf 79' lang='lat' dir='ltr'><strong>erinaceo</strong></span> <span class='ocrx_word' id='word_1_13' title='bbox 618 541 813 623; x_wconf 86' lang='lat' dir='ltr'><strong>variislocis</strong></span> <span class='ocrx_word' id='word_1_14' title='bbox 834 544 967 622; x_wconf 83' lang='lat' dir='ltr'><strong>reperti.</strong></span> 
     </span>
    </p>

    <p class='ocr_par' dir='ltr' id='par_1_2' title="bbox 113 630 1043 865">
     <span class='ocr_line' id='line_1_3' title="bbox 119 630 1043 747; baseline 0.008 -35"><span class='ocrx_word' id='word_1_15' title='bbox 119 653 214 712; x_wconf 90' lang='lat' dir='ltr'><strong>Num</strong></span> <span class='ocrx_word' id='word_1_16' title='bbox 247 648 424 731; x_wconf 79' lang='lat' dir='ltr'><strong>Hydatula</strong></span> <span class='ocrx_word' id='word_1_17' title='bbox 461 648 639 714; x_wconf 78' lang='lat' dir='ltr'><strong>Godorum</strong></span> <span class='ocrx_word' id='word_1_18' title='bbox 671 653 846 727; x_wconf 80' lang='lat' dir='ltr'><strong>Rathkio</strong></span> <span class='ocrx_word' id='word_1_19' title='bbox 889 630 1043 747; x_wconf 30' lang='lat' dir='ltr'><strong>(Danslsp</strong></span> 
     </span>
     <span class='ocr_line' id='line_1_4' title="bbox 113 765 1025 865; baseline 0.007 -39"><span class='ocrx_word' id='word_1_20' title='bbox 113 766 166 826; x_wconf 85' lang='lat' dir='ltr'><strong>sk.</strong></span> <span class='ocrx_word' id='word_1_21' title='bbox 189 765 306 829; x_wconf 85' lang='lat' dir='ltr'><strong>Skrivt.</strong></span> <span class='ocrx_word' id='word_1_22' title='bbox 327 767 361 826; x_wconf 89' lang='grc' dir='ltr'><strong>Β.</strong></span> <span class='ocrx_word' id='word_1_23' title='bbox 375 769 414 827; x_wconf 90' lang='lat' dir='ltr'><strong>V.</strong></span> <span class='ocrx_word' id='word_1_24' title='bbox 428 769 467 829; x_wconf 91' lang='lat' dir='ltr'><strong>H.</strong></span> <span class='ocrx_word' id='word_1_25' title='bbox 483 791 507 837; x_wconf 86' lang='grc' dir='ltr'><strong>ι.</strong></span> <span class='ocrx_word' id='word_1_26' title='bbox 529 791 560 850; x_wconf 92' lang='lat' dir='ltr'><strong>p.</strong></span> <span class='ocrx_word' id='word_1_27' title='bbox 572 771 622 842; x_wconf 76' lang='lat'><strong>63.</strong></span> <span class='ocrx_word' id='word_1_28' title='bbox 644 769 724 831; x_wconf 94' lang='lat' dir='ltr'><strong>Tab.</strong></span> <span class='ocrx_word' id='word_1_29' title='bbox 737 791 765 830; x_wconf 81' lang='lat' dir='ltr'><strong>s.</strong></span> <span class='ocrx_word' id='word_1_30' title='bbox 786 770 908 863; x_wconf 61' lang='lat' dir='ltr'><strong>Fig5&#39;1.)</strong></span> <span class='ocrx_word' id='word_1_31' title='bbox 930 770 1025 865; x_wconf 36' lang='lat' dir='ltr'><strong>dictap</strong></span> 
     </span>
    </p>
   </div>
   <div class='ocr_carea' id='block_1_2' title="bbox 113 880 1186 973">
    <p class='ocr_par' dir='ltr' id='par_1_3' title="bbox 113 880 1186 973">
     <span class='ocr_line' id='line_1_5' title="bbox 113 880 1186 973; baseline 0.003 -32"><span class='ocrx_word' id='word_1_32' title='bbox 113 912 115 927; x_wconf 92' lang='lat'><em>·</em></span> <span class='ocrx_word' id='word_1_33' title='bbox 156 882 242 941; x_wconf 91' lang='lat' dir='ltr'><strong>Gadi</strong></span> <span class='ocrx_word' id='word_1_34' title='bbox 270 880 431 944; x_wconf 87' lang='lat' dir='ltr'><strong>Morhuae</strong></span> <span class='ocrx_word' id='word_1_35' title='bbox 461 899 494 943; x_wconf 89' lang='lat' dir='ltr'><strong>et</strong></span> <span class='ocrx_word' id='word_1_36' title='bbox 520 884 652 945; x_wconf 87' lang='lat' dir='ltr'><strong>virentis</strong></span> <span class='ocrx_word' id='word_1_37' title='bbox 677 889 733 965; x_wconf 91' lang='lat' dir='ltr'><strong>pia</strong></span> <span class='ocrx_word' id='word_1_38' title='bbox 752 894 862 973; x_wconf 29' lang='lat' dir='ltr'><strong>&#39;matre</strong></span> <span class='ocrx_word' id='word_1_39' title='bbox 883 899 1024 962; x_wconf 87' lang='lat' dir='ltr'><strong>reperta,</strong></span> <span class='ocrx_word' id='word_1_40' title='bbox 1120 904 1123 911; x_wconf 82' lang='grc'><strong><em>’</em></strong></span> <span class='ocrx_word' id='word_1_41' title='bbox 1182 886 1186 893; x_wconf 89' lang='grc'><strong><em>’</em></strong></span> 
     </span>
    </p>
   </div>
   <div class='ocr_carea' id='block_1_3' title="bbox 113 997 1113 1079">
    <p class='ocr_par' dir='ltr' id='par_1_4' title="bbox 113 997 1113 1079">
     <span class='ocr_line' id='line_1_6' title="bbox 113 997 1113 1079; baseline 0.003 -23"><span class='ocrx_word' id='word_1_42' title='bbox 113 1019 220 1078; x_wconf 67' lang='lat' dir='ltr'><strong>nsque</strong></span> <span class='ocrx_word' id='word_1_43' title='bbox 241 1000 357 1067; x_wconf 70' lang='lat' dir='ltr'><strong>verinis</strong></span> <span class='ocrx_word' id='word_1_44' title='bbox 381 1015 413 1058; x_wconf 88' lang='lat' dir='ltr'><strong>et</strong></span> <span class='ocrx_word' id='word_1_45' title='bbox 434 998 527 1058; x_wconf 89' lang='lat' dir='ltr'><strong>simul</strong></span> <span class='ocrx_word' id='word_1_46' title='bbox 546 997 686 1060; x_wconf 81' lang='lat' dir='ltr'><strong>vesicula</strong></span> <span class='ocrx_word' id='word_1_47' title='bbox 700 1013 830 1061; x_wconf 85' lang='lat' dir='ltr'><strong>externa</strong></span> <span class='ocrx_word' id='word_1_48' title='bbox 848 998 952 1079; x_wconf 91' lang='lat' dir='ltr'><strong>(quod</strong></span> <span class='ocrx_word' id='word_1_49' title='bbox 967 1002 1026 1077; x_wconf 82' lang='lat' dir='ltr'><strong>mi·</strong></span> <span class='ocrx_word' id='word_1_50' title='bbox 1108 1036 1113 1048; x_wconf 85' lang='lat'><em>·</em></span> 
     </span>
    </p>
   </div>
   <div class='ocr_carea' id='block_1_4' title="bbox 111 1111 1118 3705">
    <p class='ocr_par' dir='ltr' id='par_1_5' title="bbox 111 1111 1118 3705">
     <span class='ocr_line' id='line_1_7' title="bbox 113 1111 1026 1195; baseline 0.002 -27"><span class='ocrx_word' id='word_1_51' title='bbox 113 1115 166 1188; x_wconf 85' lang='lat' dir='ltr'><strong>is)</strong></span> <span class='ocrx_word' id='word_1_52' title='bbox 195 1128 344 1191; x_wconf 77' lang='lat' dir='ltr'>apertura</span> <span class='ocrx_word' id='word_1_53' title='bbox 376 1113 514 1190; x_wconf 84' lang='lat' dir='ltr'>duplici,</span> <span class='ocrx_word' id='word_1_54' title='bbox 547 1117 708 1194; x_wconf 79' lang='lat' dir='ltr'><strong>superiori</strong></span> <span class='ocrx_word' id='word_1_55' title='bbox 735 1134 773 1181; x_wconf 86' lang='lat' dir='ltr'><strong>ac</strong></span> <span class='ocrx_word' id='word_1_56' title='bbox 801 1111 951 1173; x_wconf 80' lang='lat' dir='ltr'><strong>inferiori</strong></span> <span class='ocrx_word' id='word_1_57' title='bbox 977 1117 1026 1195; x_wconf 74' lang='lat' dir='ltr'><strong>in-</strong></span> 
     </span>
     <span class='ocr_line' id='line_1_8' title="bbox 113 1202 1025 1318; baseline 0.004 -34"><span class='ocrx_word' id='word_1_58' title='bbox 113 1241 246 1300; x_wconf 81' lang='lat' dir='ltr'><strong>rantur,</strong></span> <span class='ocrx_word' id='word_1_59' title='bbox 268 1225 310 1286; x_wconf 88' lang='lat' dir='ltr'><strong>ad</strong></span> <span class='ocrx_word' id='word_1_60' title='bbox 329 1225 580 1308; x_wconf 83' lang='lat' dir='ltr'><strong>Amphistomata</strong></span> <span class='ocrx_word' id='word_1_61' title='bbox 600 1227 773 1291; x_wconf 85' lang='lat' dir='ltr'><strong>referenda</strong></span> <span class='ocrx_word' id='word_1_62' title='bbox 788 1224 851 1305; x_wconf 70' lang='lat' dir='ltr'><strong>iit,</strong></span> <span class='ocrx_word' id='word_1_63' title='bbox 872 1202 1025 1318; x_wconf 80' lang='lat' dir='ltr'><strong>determi-</strong></span> 
     </span>
     <span class='ocr_line' id='line_1_9' title="bbox 113 1345 366 1403; baseline 0.016 -4"><span class='ocrx_word' id='word_1_64' title='bbox 113 1360 145 1399; x_wconf 82' lang='lat' dir='ltr'><strong>e</strong></span> <span class='ocrx_word' id='word_1_65' title='bbox 164 1360 231 1399; x_wconf 90' lang='lat' dir='ltr'><strong>non</strong></span> <span class='ocrx_word' id='word_1_66' title='bbox 255 1345 366 1403; x_wconf 85' lang='lat' dir='ltr'><strong>ausim.</strong></span> 
     </span>
     <span class='ocr_line' id='line_1_10' title="bbox 112 1452 1024 1539; baseline 0.007 -26"><span class='ocrx_word' id='word_1_67' title='bbox 112 1452 213 1514; x_wconf 83' lang='lat' dir='ltr'><strong>Inter</strong></span> <span class='ocrx_word' id='word_1_68' title='bbox 230 1456 430 1518; x_wconf 78' lang='lat' dir='ltr'><strong>Cescoidea:</strong></span> <span class='ocrx_word' id='word_1_69' title='bbox 451 1458 690 1537; x_wconf 87' lang='lat' dir='ltr'><strong>Tricuspidaria</strong></span> <span class='ocrx_word' id='word_1_70' title='bbox 704 1461 888 1538; x_wconf 69' lang='lat' dir='ltr'><strong>saepissime</strong></span> <span class='ocrx_word' id='word_1_71' title='bbox 902 1460 937 1518; x_wconf 90' lang='lat' dir='ltr'><strong>in</strong></span> <span class='ocrx_word' id='word_1_72' title='bbox 948 1479 1024 1539; x_wconf 89' lang='lat' dir='ltr'><strong>per-</strong></span> 
     </span>
     <span class='ocr_line' id='line_1_11' title="bbox 146 1569 1024 1658; baseline 0.007 -29"><span class='ocrx_word' id='word_1_73' title='bbox 146 1569 268 1651; x_wconf 85' lang='lat' dir='ltr'><strong>hepatis</strong></span> <span class='ocrx_word' id='word_1_74' title='bbox 289 1572 435 1633; x_wconf 75' lang='lat' dir='ltr'><strong>vericulis</strong></span> <span class='ocrx_word' id='word_1_75' title='bbox 457 1572 629 1655; x_wconf 85' lang='lat' dir='ltr'><strong>sphaericis</strong></span> <span class='ocrx_word' id='word_1_76' title='bbox 643 1572 696 1634; x_wconf 90' lang='lat' dir='ltr'><strong>vel</strong></span> <span class='ocrx_word' id='word_1_77' title='bbox 710 1572 954 1658; x_wconf 82' lang='lat' dir='ltr'><strong>pyriformibus,</strong></span> <span class='ocrx_word' id='word_1_78' title='bbox 975 1577 1024 1635; x_wconf 88' lang='lat' dir='ltr'><strong>in·</strong></span> 
     </span>
     <span class='ocr_line' id='line_1_12' title="bbox 112 1683 1024 1771; baseline 0.003 -26"><span class='ocrx_word' id='word_1_79' title='bbox 112 1683 192 1746; x_wconf 75' lang='lat' dir='ltr'><strong>lum</strong></span> <span class='ocrx_word' id='word_1_80' title='bbox 214 1703 246 1746; x_wconf 89' lang='lat' dir='ltr'><strong>et</strong></span> <span class='ocrx_word' id='word_1_81' title='bbox 265 1686 347 1747; x_wconf 89' lang='lat' dir='ltr'><strong>binis</strong></span> <span class='ocrx_word' id='word_1_82' title='bbox 371 1693 605 1765; x_wconf 84' lang='lat' dir='ltr'><strong>concatenatis;</strong></span> <span class='ocrx_word' id='word_1_83' title='bbox 627 1687 727 1749; x_wconf 88' lang='lat' dir='ltr'><strong>semel</strong></span> <span class='ocrx_word' id='word_1_84' title='bbox 749 1694 846 1749; x_wconf 88' lang='lat' dir='ltr'><strong>etiarn</strong></span> <span class='ocrx_word' id='word_1_85' title='bbox 867 1692 900 1746; x_wconf 93' lang='lat' dir='ltr'><strong>in</strong></span> <span class='ocrx_word' id='word_1_86' title='bbox 922 1684 1024 1771; x_wconf 87' lang='lat' dir='ltr'><strong>hyda·</strong></span> 
     </span>
     <span class='ocr_line' id='line_1_13' title="bbox 112 1792 1094 1889; baseline 0.001 -29"><span class='ocrx_word' id='word_1_87' title='bbox 112 1821 121 1850; x_wconf 64' lang='grc' dir='ltr'><strong>ι</strong></span> <span class='ocrx_word' id='word_1_88' title='bbox 151 1821 285 1879; x_wconf 80' lang='lat' dir='ltr'><strong>percae,</strong></span> <span class='ocrx_word' id='word_1_89' title='bbox 318 1818 351 1862; x_wconf 90' lang='lat' dir='ltr'><strong>et</strong></span> <span class='ocrx_word' id='word_1_90' title='bbox 376 1801 438 1863; x_wconf 85' lang='lat' dir='ltr'><strong>alia</strong></span> <span class='ocrx_word' id='word_1_91' title='bbox 464 1807 533 1862; x_wconf 89' lang='lat' dir='ltr'><strong>vice</strong></span> <span class='ocrx_word' id='word_1_92' title='bbox 555 1792 756 1863; x_wconf 80' lang='lat' dir='ltr'><strong>Gasterostei</strong></span> <span class='ocrx_word' id='word_1_93' title='bbox 784 1803 922 1868; x_wconf 84' lang='lat' dir='ltr'><strong>aculeati</strong></span> <span class='ocrx_word' id='word_1_94' title='bbox 941 1805 1023 1861; x_wconf 90' lang='lat' dir='ltr'><strong>inte-</strong></span> <span class='ocrx_word' id='word_1_95' title='bbox 1086 1870 1094 1889; x_wconf 47' lang='grc' dir='ltr'><strong><em>Ι</em></strong></span> 
     </span>
     <span class='ocr_line' id='line_1_14' title="bbox 119 1906 1024 1995; baseline 0 -19"><span class='ocrx_word' id='word_1_96' title='bbox 119 1914 397 1995; x_wconf 86' lang='lat' dir='ltr'><strong>oadhaerente,</strong></span> <span class='ocrx_word' id='word_1_97' title='bbox 435 1906 581 1978; x_wconf 81' lang='lat' dir='ltr'><strong>mihimet</strong></span> <span class='ocrx_word' id='word_1_98' title='bbox 617 1916 737 1978; x_wconf 90' lang='lat' dir='ltr'><strong>oblata.</strong></span> <span class='ocrx_word' id='word_1_99' title='bbox 793 1918 972 1977; x_wconf 87' lang='lat' dir='ltr'><strong>Vesicarias</strong></span> <span class='ocrx_word' id='word_1_100' title='bbox 1005 1935 1024 1976; x_wconf 81' lang='lat' dir='ltr'><strong>a</strong></span> 
     </span>
     <span class='ocr_line' id='line_1_15' title="bbox 112 2031 1021 2139; baseline 0.003 -53"><span class='ocrx_word' id='word_1_101' title='bbox 112 2032 299 2092; x_wconf 66' lang='lat' dir='ltr'><strong>urankio</strong></span> <span class='ocrx_word' id='word_1_102' title='bbox 327 2034 427 2112; x_wconf 83' lang='lat' dir='ltr'><strong>(Bibl</strong></span> <span class='ocrx_word' id='word_1_103' title='bbox 452 2054 483 2092; x_wconf 92' lang='lat' dir='ltr'><strong>n.</strong></span> <span class='ocrx_word' id='word_1_104' title='bbox 512 2034 599 2114; x_wconf 79' lang='lat'>397)</span> <span class='ocrx_word' id='word_1_105' title='bbox 635 2037 669 2094; x_wconf 89' lang='lat' dir='ltr'><strong>in</strong></span> <span class='ocrx_word' id='word_1_106' title='bbox 696 2031 835 2115; x_wconf 83' lang='lat' dir='ltr'><strong>piscibus</strong></span> <span class='ocrx_word' id='word_1_107' title='bbox 865 2045 1021 2139; x_wconf 81' lang='lat' dir='ltr'><strong>repertas,</strong></span> 
     </span>
     <span class='ocr_line' id='line_1_16' title="bbox 112 2126 1020 2230; baseline 0 -26"><span class='ocrx_word' id='word_1_108' title='bbox 112 2142 295 2228; x_wconf 81' lang='lat' dir='ltr'><strong>atidesque</strong></span> <span class='ocrx_word' id='word_1_109' title='bbox 323 2151 425 2208; x_wconf 87' lang='lat' dir='ltr'><strong>varias</strong></span> <span class='ocrx_word' id='word_1_110' title='bbox 448 2126 490 2210; x_wconf 79' lang='lat' dir='ltr'><strong>ad</strong></span> <span class='ocrx_word' id='word_1_111' title='bbox 512 2163 700 2230; x_wconf 87' lang='lat' dir='ltr'><strong>sequentem</strong></span> <span class='ocrx_word' id='word_1_112' title='bbox 721 2147 879 2210; x_wconf 87' lang='lat' dir='ltr'><strong>ordinem</strong></span> <span class='ocrx_word' id='word_1_113' title='bbox 885 2142 1020 2220; x_wconf 82' lang='lat' dir='ltr'><strong>relatas,</strong></span> 
     </span>
     <span class='ocr_line' id='line_1_17' title="bbox 144 2256 1022 2346; baseline 0.001 -27"><span class='ocrx_word' id='word_1_114' title='bbox 144 2265 307 2340; x_wconf 88' lang='lat' dir='ltr'><strong>pertinere</strong></span> <span class='ocrx_word' id='word_1_115' title='bbox 331 2264 535 2326; x_wconf 87' lang='lat' dir='ltr'><strong>crediderim.</strong></span> <span class='ocrx_word' id='word_1_116' title='bbox 584 2265 678 2346; x_wconf 83' lang='lat' dir='ltr'><strong>Quae</strong></span> <span class='ocrx_word' id='word_1_117' title='bbox 701 2266 786 2325; x_wconf 84' lang='lat' dir='ltr'><strong>enim</strong></span> <span class='ocrx_word' id='word_1_118' title='bbox 807 2264 845 2320; x_wconf 91' lang='lat' dir='ltr'><strong>iis</strong></span> <span class='ocrx_word' id='word_1_119' title='bbox 868 2256 1022 2321; x_wconf 88' lang='lat' dir='ltr'><strong>adscribi·</strong></span> 
     </span>
     <span class='ocr_line' id='line_1_18' title="bbox 132 2374 1022 2455; baseline 0 -21"><span class='ocrx_word' id='word_1_120' title='bbox 132 2377 274 2438; x_wconf 80' lang='lat' dir='ltr'><strong>vesicula</strong></span> <span class='ocrx_word' id='word_1_121' title='bbox 295 2379 434 2438; x_wconf 89' lang='lat' dir='ltr'><strong>caudalis</strong></span> <span class='ocrx_word' id='word_1_122' title='bbox 456 2379 591 2441; x_wconf 83' lang='lat' dir='ltr'><strong>evanida</strong></span> <span class='ocrx_word' id='word_1_123' title='bbox 613 2395 669 2439; x_wconf 90' lang='lat' dir='ltr'><strong>aut</strong></span> <span class='ocrx_word' id='word_1_124' title='bbox 695 2377 896 2455; x_wconf 75' lang='lat' dir='ltr'><strong>oblitterata,</strong></span> <span class='ocrx_word' id='word_1_125' title='bbox 915 2395 951 2436; x_wconf 89' lang='lat' dir='ltr'><strong>re</strong></span> <span class='ocrx_word' id='word_1_126' title='bbox 974 2374 1022 2434; x_wconf 89' lang='lat' dir='ltr'><strong>di·</strong></span> 
     </span>
     <span class='ocr_line' id='line_1_19' title="bbox 115 2489 1118 2589; baseline 0 -41"><span class='ocrx_word' id='word_1_127' title='bbox 115 2505 175 2550; x_wconf 80' lang='lat' dir='ltr'><strong>cte</strong></span> <span class='ocrx_word' id='word_1_128' title='bbox 205 2513 370 2572; x_wconf 87' lang='lat' dir='ltr'><strong>expressa,</strong></span> <span class='ocrx_word' id='word_1_129' title='bbox 403 2493 492 2556; x_wconf 88' lang='lat' dir='ltr'><strong>nulla</strong></span> <span class='ocrx_word' id='word_1_130' title='bbox 521 2511 583 2571; x_wconf 86' lang='lat' dir='ltr'><strong>est,</strong></span> <span class='ocrx_word' id='word_1_131' title='bbox 616 2509 649 2556; x_wconf 91' lang='lat' dir='ltr'><strong>et</strong></span> <span class='ocrx_word' id='word_1_132' title='bbox 676 2489 755 2556; x_wconf 76' lang='lat' dir='ltr'><strong>diam</strong></span> <span class='ocrx_word' id='word_1_133' title='bbox 774 2493 933 2557; x_wconf 87' lang='lat' dir='ltr'><strong>vermium</strong></span> <span class='ocrx_word' id='word_1_134' title='bbox 955 2504 1021 2549; x_wconf 88' lang='lat' dir='ltr'><strong>tam</strong></span> <span class='ocrx_word' id='word_1_135' title='bbox 1105 2492 1118 2589; x_wconf 33' lang='lat'><strong>.¹</strong></span> 
     </span>
     <span class='ocr_line' id='line_1_20' title="bbox 112 2580 1021 2691; baseline 0.002 -27"><span class='ocrx_word' id='word_1_136' title='bbox 112 2606 215 2666; x_wconf 62' lang='lat' dir='ltr'><strong>acide</strong></span> <span class='ocrx_word' id='word_1_137' title='bbox 243 2607 461 2684; x_wconf 81' lang='lat' dir='ltr'><strong>inclusorum,</strong></span> <span class='ocrx_word' id='word_1_138' title='bbox 503 2631 600 2691; x_wconf 87' lang='lat' dir='ltr'><strong>quam</strong></span> <span class='ocrx_word' id='word_1_139' title='bbox 635 2580 671 2672; x_wconf 78' lang='lat' dir='ltr'><strong>in</strong></span> <span class='ocrx_word' id='word_1_140' title='bbox 704 2622 809 2671; x_wconf 89' lang='lat' dir='ltr'><strong>tractu</strong></span> <span class='ocrx_word' id='word_1_141' title='bbox 846 2601 1021 2667; x_wconf 85' lang='lat' dir='ltr'><strong>intestinali</strong></span> 
     </span>
     <span class='ocr_line' id='line_1_21' title="bbox 112 2721 1070 2820; baseline 0 -41"><span class='ocrx_word' id='word_1_142' title='bbox 112 2739 164 2781; x_wconf 65' lang='lat' dir='ltr'><strong>ere</strong></span> <span class='ocrx_word' id='word_1_143' title='bbox 186 2721 373 2805; x_wconf 83' lang='lat' dir='ltr'><strong>degentium</strong></span> <span class='ocrx_word' id='word_1_144' title='bbox 393 2724 549 2787; x_wconf 87' lang='lat' dir='ltr'><strong>fabricam</strong></span> <span class='ocrx_word' id='word_1_145' title='bbox 569 2746 703 2820; x_wconf 68' lang='lat' dir='ltr'><strong>proprus</strong></span> <span class='ocrx_word' id='word_1_146' title='bbox 725 2722 863 2785; x_wconf 88' lang='lat' dir='ltr'><strong>eandem</strong></span> <span class='ocrx_word' id='word_1_147' title='bbox 876 2723 1018 2797; x_wconf 89' lang='lat' dir='ltr'><strong>invenio,</strong></span> <span class='ocrx_word' id='word_1_148' title='bbox 1067 2782 1070 2787; x_wconf 21' lang='lat'><strong>⁴</strong></span> 
     </span>
     <span class='ocr_line' id='line_1_22' title="bbox 141 2837 1019 2931; baseline -0.001 -35"><span class='ocrx_word' id='word_1_149' title='bbox 141 2837 272 2900; x_wconf 88' lang='lat' dir='ltr'><strong>eosdem</strong></span> <span class='ocrx_word' id='word_1_150' title='bbox 293 2853 402 2900; x_wconf 89' lang='lat' dir='ltr'><strong>tamen</strong></span> <span class='ocrx_word' id='word_1_151' title='bbox 423 2842 466 2901; x_wconf 93' lang='lat' dir='ltr'><strong>ob</strong></span> <span class='ocrx_word' id='word_1_152' title='bbox 488 2839 659 2909; x_wconf 81' lang='lat' dir='ltr'><strong>vesiculam</strong></span> <span class='ocrx_word' id='word_1_153' title='bbox 680 2856 844 2931; x_wconf 82' lang='lat' dir='ltr'><strong>externam</strong></span> <span class='ocrx_word' id='word_1_154' title='bbox 858 2857 1019 2919; x_wconf 87' lang='lat' dir='ltr'><strong>separem,</strong></span> 
     </span>
     <span class='ocr_line' id='line_1_23' title="bbox 112 2953 1019 3041; baseline -0.002 -30"><span class='ocrx_word' id='word_1_155' title='bbox 112 2956 219 3033; x_wconf 65' lang='lat' dir='ltr'><strong>:rique</strong></span> <span class='ocrx_word' id='word_1_156' title='bbox 240 2957 433 3016; x_wconf 85' lang='lat' dir='ltr'><strong>immisceam</strong></span> <span class='ocrx_word' id='word_1_157' title='bbox 455 2958 582 3041; x_wconf 87' lang='lat' dir='ltr'><strong>ordini,</strong></span> <span class='ocrx_word' id='word_1_158' title='bbox 608 2976 662 3016; x_wconf 87' lang='lat' dir='ltr'><strong>me</strong></span> <span class='ocrx_word' id='word_1_159' title='bbox 684 2954 795 3030; x_wconf 85' lang='lat' dir='ltr'><strong>saltem</strong></span> <span class='ocrx_word' id='word_1_160' title='bbox 815 2959 897 3014; x_wconf 85' lang='lat' dir='ltr'><strong>ratio</strong></span> <span class='ocrx_word' id='word_1_161' title='bbox 919 2953 1019 3034; x_wconf 80' lang='lat' dir='ltr'><strong>fugit3</strong></span> 
     </span>
     <span class='ocr_line' id='line_1_24' title="bbox 111 3066 1019 3153; baseline 0.003 -31"><span class='ocrx_word' id='word_1_162' title='bbox 111 3083 126 3122; x_wconf 91' lang='grc' dir='ltr'><strong>ι</strong></span> <span class='ocrx_word' id='word_1_163' title='bbox 143 3069 311 3131; x_wconf 85' lang='lat' dir='ltr'><strong>Ascarides</strong></span> <span class='ocrx_word' id='word_1_164' title='bbox 333 3088 365 3132; x_wconf 89' lang='lat' dir='ltr'><strong>et</strong></span> <span class='ocrx_word' id='word_1_165' title='bbox 377 3072 557 3131; x_wconf 85' lang='lat' dir='ltr'><strong>Distomata</strong></span> <span class='ocrx_word' id='word_1_166' title='bbox 576 3066 784 3153; x_wconf 79' lang='lat' dir='ltr'><strong>hydatidibus</strong></span> <span class='ocrx_word' id='word_1_167' title='bbox 799 3067 921 3128; x_wconf 88' lang='lat' dir='ltr'><strong>inclusa</strong></span> <span class='ocrx_word' id='word_1_168' title='bbox 932 3084 1019 3125; x_wconf 82' lang='lat' dir='ltr'><strong>nova</strong></span> 
     </span>
     <span class='ocr_line' id='line_1_25' title="bbox 111 3183 715 3268; baseline -0.007 -23.952"><span class='ocrx_word' id='word_1_169' title='bbox 111 3201 156 3244; x_wconf 75' lang='grc' dir='ltr'><strong>ιιι</strong></span> <span class='ocrx_word' id='word_1_170' title='bbox 168 3183 330 3268; x_wconf 80' lang='lat' dir='ltr'><strong>effmgant</strong></span> <span class='ocrx_word' id='word_1_171' title='bbox 353 3205 484 3268; x_wconf 83' lang='lat' dir='ltr'><strong>genera,</strong></span> <span class='ocrx_word' id='word_1_172' title='bbox 503 3203 637 3246; x_wconf 84' lang='lat' dir='ltr'><strong>necesse</strong></span> <span class='ocrx_word' id='word_1_173' title='bbox 658 3197 715 3242; x_wconf 85' lang='lat' dir='ltr'><strong>est.</strong></span> 
     </span>
     <span class='ocr_line' id='line_1_26' title="bbox 115 3252 1017 3379; baseline -0.006 -23"><span class='ocrx_word' id='word_1_174' title='bbox 115 3298 254 3379; x_wconf 83' lang='lat' dir='ltr'><strong>Cystiecr</strong></span> <span class='ocrx_word' id='word_1_175' title='bbox 276 3299 406 3359; x_wconf 86' lang='lat' dir='ltr'><strong>tandem</strong></span> <span class='ocrx_word' id='word_1_176' title='bbox 427 3313 464 3357; x_wconf 89' lang='lat' dir='ltr'><strong>ut</strong></span> <span class='ocrx_word' id='word_1_177' title='bbox 483 3317 605 3358; x_wconf 90' lang='lat' dir='ltr'><strong>nomen</strong></span> <span class='ocrx_word' id='word_1_178' title='bbox 623 3295 697 3369; x_wconf 83' lang='lat' dir='ltr'><strong>fert,</strong></span> <span class='ocrx_word' id='word_1_179' title='bbox 720 3299 828 3357; x_wconf 87' lang='lat' dir='ltr'><strong>omnia</strong></span> <span class='ocrx_word' id='word_1_180' title='bbox 849 3252 1017 3373; x_wconf 79' lang='lat' dir='ltr'><strong>(Dicerate</strong></span> 
     </span>
     <span class='ocr_line' id='line_1_27' title="bbox 111 3410 1018 3495; baseline -0.007 -21"><span class='ocrx_word' id='word_1_181' title='bbox 111 3431 168 3476; x_wconf 75' lang='lat' dir='ltr'><strong>ten</strong></span> <span class='ocrx_word' id='word_1_182' title='bbox 188 3412 252 3475; x_wconf 88' lang='lat' dir='ltr'><strong>huc</strong></span> <span class='ocrx_word' id='word_1_183' title='bbox 271 3435 340 3475; x_wconf 92' lang='lat' dir='ltr'><strong>non</strong></span> <span class='ocrx_word' id='word_1_184' title='bbox 360 3417 561 3495; x_wconf 85' lang='lat' dir='ltr'><strong>pertinente,</strong></span> <span class='ocrx_word' id='word_1_185' title='bbox 595 3426 627 3470; x_wconf 89' lang='lat' dir='ltr'><strong>et</strong></span> <span class='ocrx_word' id='word_1_186' title='bbox 648 3410 690 3471; x_wconf 89' lang='lat' dir='ltr'><strong>de</strong></span> <span class='ocrx_word' id='word_1_187' title='bbox 711 3431 776 3491; x_wconf 88' lang='lat' dir='ltr'><strong>quo</strong></span> <span class='ocrx_word' id='word_1_188' title='bbox 797 3415 878 3491; x_wconf 81' lang='lat' dir='ltr'><strong>in§.</strong></span> <span class='ocrx_word' id='word_1_189' title='bbox 900 3420 930 3480; x_wconf 66' lang='lat'><strong>3.</strong></span> <span class='ocrx_word' id='word_1_190' title='bbox 951 3428 1018 3468; x_wconf 88' lang='lat' dir='ltr'><strong>ser·</strong></span> 
     </span>
     <span class='ocr_line' id='line_1_28' title="bbox 135 3510 1017 3616; baseline -0.006 -30"><span class='ocrx_word' id='word_1_191' title='bbox 135 3523 216 3604; x_wconf 50' lang='lat' dir='ltr'><strong>fuiti</strong></span> <span class='ocrx_word' id='word_1_192' title='bbox 239 3528 388 3609; x_wconf 89' lang='lat' dir='ltr'><strong>excluso)</strong></span> <span class='ocrx_word' id='word_1_193' title='bbox 418 3526 556 3590; x_wconf 86' lang='lat' dir='ltr'><strong>vesicula</strong></span> <span class='ocrx_word' id='word_1_194' title='bbox 578 3547 635 3586; x_wconf 88' lang='lat' dir='ltr'><strong>seu</strong></span> <span class='ocrx_word' id='word_1_195' title='bbox 657 3510 779 3616; x_wconf 59' lang='lat' dir='ltr'><strong>cystide</strong></span> <span class='ocrx_word' id='word_1_196' title='bbox 801 3529 1017 3600; x_wconf 84' lang='lat' dir='ltr'><strong>continentur,</strong></span> 
     </span>
     <span class='ocr_line' id='line_1_29' title="bbox 111 3641 558 3705; baseline 0 -3"><span class='ocrx_word' id='word_1_197' title='bbox 111 3646 145 3705; x_wconf 81' lang='lat' dir='ltr'><strong>is</strong></span> <span class='ocrx_word' id='word_1_198' title='bbox 168 3641 277 3705; x_wconf 85' lang='lat' dir='ltr'><strong>lamen</strong></span> <span class='ocrx_word' id='word_1_199' title='bbox 296 3643 402 3703; x_wconf 90' lang='lat' dir='ltr'><strong>modis</strong></span> <span class='ocrx_word' id='word_1_200' title='bbox 425 3644 558 3704; x_wconf 87' lang='lat' dir='ltr'><strong>diversa.</strong></span> 
     </span>
    </p>
   </div>
   <div class='ocr_carea' id='block_1_5' title="bbox 122 3714 1057 3844">
    <p class='ocr_par' dir='ltr' id='par_1_6' title="bbox 122 3714 1057 3844">
     <span class='ocr_line' id='line_1_30' title="bbox 122 3714 1057 3844; baseline -0.006 -25"><span class='ocrx_word' id='word_1_201' title='bbox 122 3760 332 3841; x_wconf 83' lang='lat' dir='ltr'><strong>Cysticercus</strong></span> <span class='ocrx_word' id='word_1_202' title='bbox 352 3755 520 3844; x_wconf 85' lang='lat' dir='ltr'><strong>hydatides</strong></span> <span class='ocrx_word' id='word_1_203' title='bbox 543 3777 562 3818; x_wconf 89' lang='lat' dir='ltr'><strong>a</strong></span> <span class='ocrx_word' id='word_1_204' title='bbox 585 3760 647 3838; x_wconf 86' lang='lat' dir='ltr'><strong>pisi</strong></span> <span class='ocrx_word' id='word_1_205' title='bbox 668 3757 710 3819; x_wconf 88' lang='lat' dir='ltr'><strong>ad</strong></span> <span class='ocrx_word' id='word_1_206' title='bbox 735 3760 827 3839; x_wconf 91' lang='lat' dir='ltr'><strong>pomi</strong></span> <span class='ocrx_word' id='word_1_207' title='bbox 846 3714 1034 3839; x_wconf 78' lang='lat' dir='ltr'><strong>mediocris.</strong></span> <span class='ocrx_word' id='word_1_208' title='bbox 1054 3748 1057 3754; x_wconf 80' lang='grc'><strong>’</strong></span> 
     </span>
    </p>
   </div>
   <div class='ocr_carea' id='block_1_6' title="bbox 0 0 1228 4644">
    <p class='ocr_par' dir='ltr' id='par_1_7' title="bbox 0 0 1228 4644">
     <span class='ocr_line' id='line_1_31' title="bbox 0 0 1228 4644; baseline 0 1"><span class='ocrx_word' id='word_1_209' title='bbox 0 0 1228 4644; x_wconf 95' lang='lat' dir='ltr'><strong> </strong></span> 
     </span>
    </p>
   </div>
  </div>
 </body>
</html>
