<?xml version="1.0" encoding="UTF-8"?>
<!DOCTYPE html PUBLIC "-//W3C//DTD XHTML 1.0 Transitional//EN"
    "http://www.w3.org/TR/xhtml1/DTD/xhtml1-transitional.dtd">
<html xmlns="http://www.w3.org/1999/xhtml" xml:lang="en" lang="en">
 <head>
  <title>
</title>
<meta http-equiv="Content-Type" content="text/html;charset=utf-8" />
  <meta name='ocr-system' content='tesseract 3.04.00' />
  <meta name='ocr-capabilities' content='ocr_page ocr_carea ocr_par ocr_line ocrx_word'/>
</head>
<body>
  <div class='ocr_page' id='page_1' title='image "./entozoorumsivev02rudogoog_0343.png"; bbox 0 0 2476 4642; ppageno 0'>
   <div class='ocr_carea' id='block_1_1' title="bbox 184 482 1192 565">
    <p class='ocr_par' dir='ltr' id='par_1_1' title="bbox 184 482 1192 565">
     <span class='ocr_line' id='line_1_1' title="bbox 184 482 1192 565; baseline -0.005 -13"><span class='ocrx_word' id='word_1_1' title='bbox 184 548 189 561; x_wconf 79' lang='grc'>,</span> <span class='ocrx_word' id='word_1_2' title='bbox 257 490 375 551; x_wconf 88' lang='lat' dir='ltr'><strong>obvios</strong></span> <span class='ocrx_word' id='word_1_3' title='bbox 398 489 559 559; x_wconf 82' lang='lat' dir='ltr'><strong>Goeze,</strong></span> <span class='ocrx_word' id='word_1_4' title='bbox 578 483 717 545; x_wconf 86' lang='lat' dir='ltr'><strong>Zeder</strong></span> <span class='ocrx_word' id='word_1_5' title='bbox 738 492 853 565; x_wconf 82' lang='lat' dir='ltr'><strong>et&#39;ego</strong></span> <span class='ocrx_word' id='word_1_6' title='bbox 876 482 1129 559; x_wconf 78' lang='lat' dir='ltr'>observavimus,</span> <span class='ocrx_word' id='word_1_7' title='bbox 1145 484 1192 547; x_wconf 80' lang='lat' dir='ltr'><strong>tile·</strong></span> 
     </span>
    </p>
   </div>
   <div class='ocr_carea' id='block_1_2' title="bbox 254 220 1208 319">
    <p class='ocr_par' dir='ltr' id='par_1_2' title="bbox 254 220 1208 319">
     <span class='ocr_line' id='line_1_2' title="bbox 254 220 1208 319; baseline -0.004 -41"><span class='ocrx_word' id='word_1_8' title='bbox 254 228 322 291; x_wconf 74' lang='lat'><strong>520</strong></span> <span class='ocrx_word' id='word_1_9' title='bbox 342 220 346 229; x_wconf 83' lang='lat'>&#39;</span> <span class='ocrx_word' id='word_1_10' title='bbox 1203 288 1208 319; x_wconf 52' lang='grc' dir='ltr'>Ι</span> 
     </span>
    </p>
   </div>
   <div class='ocr_carea' id='block_1_3' title="bbox 216 349 1190 453">
    <p class='ocr_par' dir='ltr' id='par_1_3' title="bbox 216 349 1234 461">
     <span class='ocr_line' id='line_1_3' title="bbox 216 349 1190 453; baseline -0.002 -18"><span class='ocrx_word' id='word_1_11' title='bbox 216 430 219 435; x_wconf 90' lang='grc'><em>,</em></span> <span class='ocrx_word' id='word_1_12' title='bbox 260 372 463 453; x_wconf 72' lang='lat' dir='ltr'><strong>subeilipticn</strong></span> <span class='ocrx_word' id='word_1_13' title='bbox 483 385 574 437; x_wconf 85' lang='lat' dir='ltr'><strong>snut..</strong></span> <span class='ocrx_word' id='word_1_14' title='bbox 618 349 821 452; x_wconf 78' lang='lat' dir='ltr'><strong>Erubryones</strong></span> <span class='ocrx_word' id='word_1_15' title='bbox 843 371 878 429; x_wconf 90' lang='lat' dir='ltr'><strong>in</strong></span> <span class='ocrx_word' id='word_1_16' title='bbox 898 352 1190 433; x_wconf 75' lang='lat' dir='ltr'><strong>Taeniaruntovulit</strong></span> 
     </span>
    </p>
   </div>
   <div class='ocr_carea' id='block_1_4' title="bbox 1146 468 1228 503">
    <p class='ocr_par' dir='ltr' id='par_1_4' title="bbox 1146 468 1228 503">
     <span class='ocr_line' id='line_1_4' title="bbox 1155 468 1159 475; baseline 0 0"><span class='ocrx_word' id='word_1_17' title='bbox 1155 468 1159 475; x_wconf 74' lang='grc' dir='ltr'><strong><em>ι</em></strong></span> 
     </span>
     <span class='ocr_line' id='line_1_5' title="bbox 1146 484 1228 503; baseline 0 -4"><span class='ocrx_word' id='word_1_18' title='bbox 1146 488 1153 503; x_wconf 65' lang='grc' dir='ltr'>ι</span> <span class='ocrx_word' id='word_1_19' title='bbox 1225 484 1228 499; x_wconf 78' lang='grc'><strong><em>1</em></strong></span> 
     </span>
    </p>
   </div>
   <div class='ocr_carea' id='block_1_5' title="bbox 252 562 1234 915">
    <p class='ocr_par' dir='ltr' id='par_1_5' title="bbox 252 562 1234 915">
     <span class='ocr_line' id='line_1_6' title="bbox 259 562 1234 687; baseline -0.038 1"><span class='ocrx_word' id='word_1_20' title='bbox 259 625 323 687; x_wconf 67' lang='lat' dir='ltr'><strong>nuo</strong></span> <span class='ocrx_word' id='word_1_21' title='bbox 344 605 449 663; x_wconf 71' lang='lat' dir='ltr'><strong>varios</strong></span> <span class='ocrx_word' id='word_1_22' title='bbox 472 599 571 682; x_wconf 67' lang='lat' dir='ltr'><strong>&lt;To</strong></span> <span class='ocrx_word' id='word_1_23' title='bbox 592 599 695 661; x_wconf 74' lang='lat' dir='ltr'><strong>mn.</strong></span> <span class='ocrx_word' id='word_1_24' title='bbox 716 599 751 657; x_wconf 80' lang='grc' dir='ltr'><strong>Β.</strong></span> <span class='ocrx_word' id='word_1_25' title='bbox 773 597 840 679; x_wconf 71' lang='lat' dir='ltr'><strong>ng.</strong></span> <span class='ocrx_word' id='word_1_26' title='bbox 863 594 914 674; x_wconf 61' lang='lat'><strong>21,</strong></span> <span class='ocrx_word' id='word_1_27' title='bbox 934 598 1084 675; x_wconf 67' lang='lat' dir='ltr'><strong>...ra</strong></span> <span class='ocrx_word' id='word_1_28' title='bbox 1102 600 1193 663; x_wconf 65' lang='lat' dir='ltr'><strong>xxa</strong></span> <span class='ocrx_word' id='word_1_29' title='bbox 1229 562 1234 619; x_wconf 59' lang='grc' dir='ltr'>Ξ</span> 
     </span>
     <span class='ocr_line' id='line_1_7' title="bbox 252 712 1193 800; baseline -0.041 -9"><span class='ocrx_word' id='word_1_30' title='bbox 252 722 297 795; x_wconf 77' lang='grc' dir='ltr'><strong>Β·</strong></span> <span class='ocrx_word' id='word_1_31' title='bbox 325 720 394 800; x_wconf 65' lang='lat' dir='ltr'><strong>Fig.</strong></span> <span class='ocrx_word' id='word_1_32' title='bbox 418 726 463 787; x_wconf 87' lang='lat'><strong>18.</strong></span> <span class='ocrx_word' id='word_1_33' title='bbox 491 712 571 774; x_wconf 87' lang='lat' dir='ltr'><strong>Tab.</strong></span> <span class='ocrx_word' id='word_1_34' title='bbox 595 713 731 775; x_wconf 88' lang='lat' dir='ltr'>XXXII.</span> <span class='ocrx_word' id='word_1_35' title='bbox 757 714 795 773; x_wconf 88' lang='lat' dir='ltr'><strong>A.</strong></span> <span class='ocrx_word' id='word_1_36' title='bbox 824 713 892 795; x_wconf 85' lang='lat' dir='ltr'><strong>Fig.</strong></span> <span class='ocrx_word' id='word_1_37' title='bbox 911 714 940 775; x_wconf 85' lang='grc'><strong>6,</strong></span> <span class='ocrx_word' id='word_1_38' title='bbox 970 718 1017 797; x_wconf 77' lang='grc'><strong>7,)</strong></span> <span class='ocrx_word' id='word_1_39' title='bbox 1045 714 1193 777; x_wconf 52' lang='lat' dir='ltr'><strong>delineata</strong></span> 
     </span>
     <span class='ocr_line' id='line_1_8' title="bbox 261 816 1234 915; baseline -0.049 -19"><span class='ocrx_word' id='word_1_40' title='bbox 261 834 362 895; x_wconf 78' lang='lat' dir='ltr'><strong>dedit.</strong></span> <span class='ocrx_word' id='word_1_41' title='bbox 422 831 519 890; x_wconf 89' lang='lat' dir='ltr'><strong>Vivos</strong></span> <span class='ocrx_word' id='word_1_42' title='bbox 550 850 584 889; x_wconf 88' lang='lat' dir='ltr'><strong>se</strong></span> <span class='ocrx_word' id='word_1_43' title='bbox 619 830 737 890; x_wconf 80' lang='lat' dir='ltr'><strong>vidisse</strong></span> <span class='ocrx_word' id='word_1_44' title='bbox 768 828 958 890; x_wconf 87' lang='lat' dir='ltr'><strong>Zederus</strong></span> <span class='ocrx_word' id='word_1_45' title='bbox 996 828 1193 915; x_wconf 61' lang='lat' dir='ltr'><strong>(Naturgent</strong></span> <span class='ocrx_word' id='word_1_46' title='bbox 1223 816 1234 849; x_wconf 84' lang='lat'><strong>·.·</strong></span> 
     </span>
    </p>
   </div>
   <div class='ocr_carea' id='block_1_6' title="bbox 262 928 1233 1031">
    <p class='ocr_par' dir='ltr' id='par_1_6' title="bbox 262 928 1233 1031">
     <span class='ocr_line' id='line_1_9' title="bbox 262 928 1233 1031; baseline -0.004 -22"><span class='ocrx_word' id='word_1_47' title='bbox 262 950 409 1031; x_wconf 54' lang='lat' dir='ltr'><strong>p.,3r4.)</strong></span> <span class='ocrx_word' id='word_1_48' title='bbox 424 944 555 1023; x_wconf 70' lang='lat' dir='ltr'><strong>refert,</strong></span> <span class='ocrx_word' id='word_1_49' title='bbox 597 928 708 1027; x_wconf 71' lang='lat' dir='ltr'><strong>quaties</strong></span> <span class='ocrx_word' id='word_1_50' title='bbox 735 940 814 1005; x_wconf 84' lang='lat' dir='ltr'><strong>mihi</strong></span> <span class='ocrx_word' id='word_1_51' title='bbox 840 960 1007 1025; x_wconf 86' lang='lat' dir='ltr'><strong>nunqnam</strong></span> <span class='ocrx_word' id='word_1_52' title='bbox 1033 947 1069 1005; x_wconf 89' lang='lat' dir='ltr'><strong>in</strong></span> <span class='ocrx_word' id='word_1_53' title='bbox 1088 964 1194 1025; x_wconf 77' lang='lat' dir='ltr'><strong>conspe</strong></span> <span class='ocrx_word' id='word_1_54' title='bbox 1228 928 1233 951; x_wconf 65' lang='lat'>²</span> 
     </span>
    </p>
   </div>
   <div class='ocr_carea' id='block_1_7' title="bbox 257 1078 1190 1941">
    <p class='ocr_par' dir='ltr' id='par_1_7' title="bbox 257 1078 926 1360">
     <span class='ocr_line' id='line_1_10' title="bbox 257 1078 495 1129; baseline 0.017 -10"><span class='ocrx_word' id='word_1_55' title='bbox 257 1078 346 1123; x_wconf 81' lang='lat' dir='ltr'><strong>¹ctum</strong></span> <span class='ocrx_word' id='word_1_56' title='bbox 365 1080 495 1129; x_wconf 72' lang='lat' dir='ltr'><strong>venere.</strong></span> 
     </span>
     <span class='ocr_line' id='line_1_11' title="bbox 697 1160 772 1236; baseline -0.147 -9"><span class='ocrx_word' id='word_1_57' title='bbox 697 1160 725 1236; x_wconf 76' lang='lat'><strong>§-</strong></span> <span class='ocrx_word' id='word_1_58' title='bbox 745 1164 772 1226; x_wconf 86' lang='lat'><strong>5.</strong></span> 
     </span>
     <span class='ocr_line' id='line_1_12' title="bbox 554 1272 926 1360; baseline 0.005 -23"><span class='ocrx_word' id='word_1_59' title='bbox 554 1272 780 1360; x_wconf 80' lang='lat' dir='ltr'><strong>Cyscioo</strong></span> <span class='ocrx_word' id='word_1_60' title='bbox 801 1295 926 1339; x_wconf 80' lang='lat' dir='ltr'><strong>rum.</strong></span> 
     </span>
    </p>

    <p class='ocr_par' dir='ltr' id='par_1_8' title="bbox 263 1368 1190 1941">
     <span class='ocr_line' id='line_1_13' title="bbox 322 1368 1190 1480; baseline -0.002 -21"><span class='ocrx_word' id='word_1_61' title='bbox 322 1400 538 1467; x_wconf 57' lang='lat' dir='ltr'><strong>florumznee</strong></span> <span class='ocrx_word' id='word_1_62' title='bbox 559 1396 727 1480; x_wconf 80' lang='lat' dir='ltr'>genitalia,</span> <span class='ocrx_word' id='word_1_63' title='bbox 756 1418 817 1457; x_wconf 91' lang='lat' dir='ltr'><strong>nec</strong></span> <span class='ocrx_word' id='word_1_64' title='bbox 839 1368 935 1457; x_wconf 62' lang='lat' dir='ltr'><strong>onnia</strong></span> <span class='ocrx_word' id='word_1_65' title='bbox 961 1396 1015 1459; x_wconf 86' lang='lat' dir='ltr'><strong>vel</strong></span> <span class='ocrx_word' id='word_1_66' title='bbox 1033 1396 1190 1457; x_wconf 78' lang='lat' dir='ltr'><strong>foetmm·</strong></span> 
     </span>
     <span class='ocr_line' id='line_1_14' title="bbox 263 1504 1189 1595; baseline -0.001 -23"><span class='ocrx_word' id='word_1_67' title='bbox 263 1532 360 1595; x_wconf 85' lang='lat' dir='ltr'><strong>qnam</strong></span> <span class='ocrx_word' id='word_1_68' title='bbox 386 1510 555 1590; x_wconf 83' lang='lat' dir='ltr'><strong>observata</strong></span> <span class='ocrx_word' id='word_1_69' title='bbox 576 1532 644 1571; x_wconf 88' lang='lat' dir='ltr'><strong>esse</strong></span> <span class='ocrx_word' id='word_1_70' title='bbox 652 1553 663 1587; x_wconf 90' lang='lat'><strong><em>,</em></strong></span> <span class='ocrx_word' id='word_1_71' title='bbox 697 1514 732 1570; x_wconf 88' lang='lat' dir='ltr'><strong>in</strong></span> <span class='ocrx_word' id='word_1_72' title='bbox 752 1514 830 1591; x_wconf 88' lang='lat' dir='ltr'><strong>Cap.</strong></span> <span class='ocrx_word' id='word_1_73' title='bbox 851 1504 1189 1591; x_wconf 66' lang='lat' dir='ltr'><strong>praecedente&#39;monui,</strong></span> 
     </span>
     <span class='ocr_line' id='line_1_15' title="bbox 263 1622 1190 1711; baseline -0.002 -26"><span class='ocrx_word' id='word_1_74' title='bbox 263 1629 457 1711; x_wconf 76' lang='lat' dir='ltr'>propagatio</span> <span class='ocrx_word' id='word_1_75' title='bbox 486 1645 566 1708; x_wconf 83' lang='lat' dir='ltr'><strong>ergo</strong></span> <span class='ocrx_word' id='word_1_76' title='bbox 582 1646 678 1705; x_wconf 76' lang='lat' dir='ltr'><strong>serus</strong></span> <span class='ocrx_word' id='word_1_77' title='bbox 700 1645 765 1705; x_wconf 88' lang='lat' dir='ltr'><strong>ope</strong></span> <span class='ocrx_word' id='word_1_78' title='bbox 785 1625 896 1686; x_wconf 81' lang='lat' dir='ltr'><strong>forsan</strong></span> <span class='ocrx_word' id='word_1_79' title='bbox 915 1625 1024 1695; x_wconf 86' lang='lat' dir='ltr'><strong>nulla,</strong></span> <span class='ocrx_word' id='word_1_80' title='bbox 1044 1622 1190 1709; x_wconf 73' lang='lat' dir='ltr'><strong>¹ntqner&#39;t·</strong></span> 
     </span>
     <span class='ocr_line' id='line_1_16' title="bbox 263 1738 1189 1827; baseline 0 -26"><span class='ocrx_word' id='word_1_81' title='bbox 263 1744 308 1801; x_wconf 86' lang='lat' dir='ltr'><strong>vis</strong></span> <span class='ocrx_word' id='word_1_82' title='bbox 335 1761 485 1802; x_wconf 86' lang='lat' dir='ltr'>vermem.</span> <span class='ocrx_word' id='word_1_83' title='bbox 506 1738 684 1805; x_wconf 81' lang='lat' dir='ltr'><strong>solitarium</strong></span> <span class='ocrx_word' id='word_1_84' title='bbox 720 1741 840 1823; x_wconf 88' lang='lat' dir='ltr'><strong>cystide</strong></span> <span class='ocrx_word' id='word_1_85' title='bbox 867 1740 1046 1818; x_wconf 87' lang='lat' dir='ltr'><strong>inclusum,</strong></span> <span class='ocrx_word' id='word_1_86' title='bbox 1086 1762 1189 1827; x_wconf 80' lang='lat' dir='ltr'><strong>genera·</strong></span> 
     </span>
     <span class='ocr_line' id='line_1_17' title="bbox 264 1828 1189 1941; baseline -0.003 -25"><span class='ocrx_word' id='word_1_87' title='bbox 264 1859 354 1916; x_wconf 86' lang='lat' dir='ltr'><strong>tione</strong></span> <span class='ocrx_word' id='word_1_88' title='bbox 373 1828 453 1916; x_wconf 35' lang='lat' dir='ltr'><strong>:dein</strong></span> <span class='ocrx_word' id='word_1_89' title='bbox 474 1854 627 1927; x_wconf 85' lang='lat' dir='ltr'><strong>dicenda,</strong></span> <span class='ocrx_word' id='word_1_90' title='bbox 661 1868 767 1915; x_wconf 88' lang='lat' dir='ltr'><strong>ortum</strong></span> <span class='ocrx_word' id='word_1_91' title='bbox 789 1856 939 1929; x_wconf 65' lang='lat' dir='ltr'><strong>dixerim</strong></span> <span class='ocrx_word' id='word_1_92' title='bbox 982 1848 1189 1941; x_wconf 79' lang='lat' dir='ltr'><strong>propagatione</strong></span> 
     </span>
    </p>
   </div>
   <div class='ocr_carea' id='block_1_8' title="bbox 184 1967 1189 2169">
    <p class='ocr_par' dir='ltr' id='par_1_9' title="bbox 184 1967 1189 2169">
     <span class='ocr_line' id='line_1_18' title="bbox 208 1967 1189 2034; baseline -0.002 -3"><span class='ocrx_word' id='word_1_93' title='bbox 208 2002 211 2011; x_wconf 77' lang='lat'><em>=</em></span> <span class='ocrx_word' id='word_1_94' title='bbox 267 1988 374 2032; x_wconf 88' lang='lat' dir='ltr'><strong>autern</strong></span> <span class='ocrx_word' id='word_1_95' title='bbox 410 1967 609 2031; x_wconf 87' lang='lat' dir='ltr'><strong>admittenda</strong></span> <span class='ocrx_word' id='word_1_96' title='bbox 643 1989 767 2031; x_wconf 71' lang='lat' dir='ltr'><strong>tennes</strong></span> <span class='ocrx_word' id='word_1_97' title='bbox 801 1973 879 2030; x_wconf 87' lang='lat' dir='ltr'><strong>istos</strong></span> <span class='ocrx_word' id='word_1_98' title='bbox 910 1972 1070 2034; x_wconf 85' lang='lat' dir='ltr'><strong>solitarios</strong></span> <span class='ocrx_word' id='word_1_99' title='bbox 1094 1970 1189 2033; x_wconf 86' lang='lat' dir='ltr'><strong>herma·</strong></span> 
     </span>
     <span class='ocr_line' id='line_1_19' title="bbox 184 2083 1189 2169; baseline 0.003 -27"><span class='ocrx_word' id='word_1_100' title='bbox 184 2096 192 2106; x_wconf 88' lang='grc'><strong>··</strong></span> <span class='ocrx_word' id='word_1_101' title='bbox 261 2083 434 2165; x_wconf 87' lang='lat' dir='ltr'><strong>phroditos</strong></span> <span class='ocrx_word' id='word_1_102' title='bbox 457 2105 526 2145; x_wconf 85' lang='lat' dir='ltr'><strong>esse</strong></span> <span class='ocrx_word' id='word_1_103' title='bbox 547 2099 707 2163; x_wconf 84' lang='lat' dir='ltr'><strong>oporteat.</strong></span> <span class='ocrx_word' id='word_1_104' title='bbox 750 2083 799 2145; x_wconf 86' lang='lat' dir='ltr'><strong>cl.</strong></span> <span class='ocrx_word' id='word_1_105' title='bbox 822 2086 959 2147; x_wconf 86' lang='lat' dir='ltr'><strong>Goeze</strong></span> <span class='ocrx_word' id='word_1_106' title='bbox 981 2086 1020 2168; x_wconf 87' lang='lat' dir='ltr'><strong>(l.</strong></span> <span class='ocrx_word' id='word_1_107' title='bbox 1046 2111 1071 2149; x_wconf 87' lang='lat' dir='ltr'><strong>c.</strong></span> <span class='ocrx_word' id='word_1_108' title='bbox 1090 2109 1118 2169; x_wconf 88' lang='lat' dir='ltr'><strong>p.</strong></span> <span class='ocrx_word' id='word_1_109' title='bbox 1132 2086 1189 2163; x_wconf 70' lang='lat'><strong>240.)</strong></span> 
     </span>
    </p>
   </div>
   <div class='ocr_carea' id='block_1_9' title="bbox 261 2198 1191 2287">
    <p class='ocr_par' dir='ltr' id='par_1_10' title="bbox 261 2198 1191 2287">
     <span class='ocr_line' id='line_1_20' title="bbox 261 2198 1191 2287; baseline -0.004 -24"><span class='ocrx_word' id='word_1_110' title='bbox 261 2208 297 2263; x_wconf 87' lang='lat' dir='ltr'><strong>in</strong></span> <span class='ocrx_word' id='word_1_111' title='bbox 318 2203 493 2287; x_wconf 85' lang='lat' dir='ltr'><strong>Cysticerci</strong></span> <span class='ocrx_word' id='word_1_112' title='bbox 513 2198 688 2259; x_wconf 82' lang='lat' dir='ltr'><strong>fasciolaris</strong></span> <span class='ocrx_word' id='word_1_113' title='bbox 708 2203 814 2260; x_wconf 80' lang='lat' dir='ltr'><strong>vesica</strong></span> <span class='ocrx_word' id='word_1_114' title='bbox 836 2201 960 2261; x_wconf 86' lang='lat' dir='ltr'><strong>caudali</strong></span> <span class='ocrx_word' id='word_1_115' title='bbox 981 2204 1142 2275; x_wconf 66' lang='lat' dir='ltr'><strong>vesiculam</strong></span> <span class='ocrx_word' id='word_1_116' title='bbox 1156 2219 1191 2259; x_wconf 84' lang='lat' dir='ltr'><strong>st·</strong></span> 
     </span>
    </p>
   </div>
   <div class='ocr_carea' id='block_1_10' title="bbox 157 2308 1192 2397">
    <p class='ocr_par' dir='ltr' id='par_1_11' title="bbox 157 2308 1192 2397">
     <span class='ocr_line' id='line_1_21' title="bbox 157 2308 1192 2397; baseline -0.005 -18"><span class='ocrx_word' id='word_1_117' title='bbox 157 2308 167 2319; x_wconf 54' lang='grc'><strong>’</strong></span> <span class='ocrx_word' id='word_1_118' title='bbox 260 2317 325 2379; x_wconf 88' lang='lat' dir='ltr'><strong>mel</strong></span> <span class='ocrx_word' id='word_1_119' title='bbox 346 2318 506 2376; x_wconf 86' lang='lat' dir='ltr'><strong>minorem</strong></span> <span class='ocrx_word' id='word_1_120' title='bbox 526 2331 646 2394; x_wconf 89' lang='lat' dir='ltr'><strong>puncto</strong></span> <span class='ocrx_word' id='word_1_121' title='bbox 670 2335 773 2393; x_wconf 88' lang='lat' dir='ltr'><strong>opaco</strong></span> <span class='ocrx_word' id='word_1_122' title='bbox 795 2332 939 2375; x_wconf 89' lang='lat' dir='ltr'><strong>notatam</strong></span> <span class='ocrx_word' id='word_1_123' title='bbox 964 2322 1096 2397; x_wconf 89' lang='lat' dir='ltr'><strong>reperit.</strong></span> <span class='ocrx_word' id='word_1_124' title='bbox 1144 2314 1192 2377; x_wconf 87' lang='lat' dir='ltr'><strong>Ob·</strong></span> 
     </span>
    </p>
   </div>
   <div class='ocr_carea' id='block_1_11' title="bbox 257 2403 1234 3205">
    <p class='ocr_par' dir='ltr' id='par_1_12' title="bbox 261 2403 1234 2740">
     <span class='ocr_line' id='line_1_22' title="bbox 261 2403 1234 2522; baseline -0.003 -28"><span class='ocrx_word' id='word_1_125' title='bbox 261 2436 398 2493; x_wconf 82' lang='lat' dir='ltr'><strong>servatio</strong></span> <span class='ocrx_word' id='word_1_126' title='bbox 420 2434 481 2488; x_wconf 86' lang='lat' dir='ltr'><strong>ista</strong></span> <span class='ocrx_word' id='word_1_127' title='bbox 500 2428 628 2508; x_wconf 86' lang='lat' dir='ltr'><strong>prolem</strong></span> <span class='ocrx_word' id='word_1_128' title='bbox 648 2429 717 2488; x_wconf 77' lang='lat' dir='ltr'><strong>Fere</strong></span> <span class='ocrx_word' id='word_1_129' title='bbox 738 2427 878 2507; x_wconf 86' lang='lat' dir='ltr'><strong>probare</strong></span> <span class='ocrx_word' id='word_1_130' title='bbox 899 2431 1047 2499; x_wconf 86' lang='lat' dir='ltr'><strong>videtur,</strong></span> <span class='ocrx_word' id='word_1_131' title='bbox 1077 2432 1130 2491; x_wconf 88' lang='lat' dir='ltr'><strong>sed</strong></span> <span class='ocrx_word' id='word_1_132' title='bbox 1147 2433 1191 2513; x_wconf 79' lang='lat' dir='ltr'><strong>Cy·</strong></span> <span class='ocrx_word' id='word_1_133' title='bbox 1223 2403 1234 2522; x_wconf 59' lang='grc' dir='ltr'>ξ</span> 
     </span>
     <span class='ocr_line' id='line_1_23' title="bbox 262 2528 1234 2627; baseline -0.007 -18"><span class='ocrx_word' id='word_1_134' title='bbox 262 2555 414 2610; x_wconf 83' lang='lat' dir='ltr'><strong>sticercus</strong></span> <span class='ocrx_word' id='word_1_135' title='bbox 437 2566 509 2603; x_wconf 91' lang='lat' dir='ltr'><strong>cum</strong></span> <span class='ocrx_word' id='word_1_136' title='bbox 531 2543 692 2604; x_wconf 85' lang='lat' dir='ltr'><strong>solitarius</strong></span> <span class='ocrx_word' id='word_1_137' title='bbox 713 2547 816 2619; x_wconf 86' lang='lat' dir='ltr'><strong>vivat,</strong></span> <span class='ocrx_word' id='word_1_138' title='bbox 843 2565 985 2625; x_wconf 87' lang='lat' dir='ltr'><strong>quonam</strong></span> <span class='ocrx_word' id='word_1_139' title='bbox 1006 2567 1122 2627; x_wconf 83' lang='lat' dir='ltr'><strong>quaeso</strong></span> <span class='ocrx_word' id='word_1_140' title='bbox 1140 2565 1191 2603; x_wconf 86' lang='lat' dir='ltr'><strong>mo·</strong></span> <span class='ocrx_word' id='word_1_141' title='bbox 1224 2528 1234 2588; x_wconf 59' lang='grc' dir='ltr'>ἶ</span> 
     </span>
     <span class='ocr_line' id='line_1_24' title="bbox 262 2658 1191 2740; baseline -0.005 -18"><span class='ocrx_word' id='word_1_142' title='bbox 262 2665 305 2722; x_wconf 85' lang='lat' dir='ltr'><strong>do</strong></span> <span class='ocrx_word' id='word_1_143' title='bbox 326 2661 450 2720; x_wconf 84' lang='lat' dir='ltr'><strong>foetum</strong></span> <span class='ocrx_word' id='word_1_144' title='bbox 473 2680 510 2718; x_wconf 84' lang='lat' dir='ltr'><strong>ex</strong></span> <span class='ocrx_word' id='word_1_145' title='bbox 530 2663 633 2718; x_wconf 87' lang='lat' dir='ltr'><strong>vesica</strong></span> <span class='ocrx_word' id='word_1_146' title='bbox 654 2658 705 2718; x_wconf 89' lang='lat' dir='ltr'><strong>vel</strong></span> <span class='ocrx_word' id='word_1_147' title='bbox 725 2661 851 2719; x_wconf 85' lang='lat' dir='ltr'><strong>interna</strong></span> <span class='ocrx_word' id='word_1_148' title='bbox 871 2658 923 2718; x_wconf 88' lang='lat' dir='ltr'><strong>vel</strong></span> <span class='ocrx_word' id='word_1_149' title='bbox 946 2676 1096 2740; x_wconf 85' lang='lat' dir='ltr'><strong>externa,</strong></span> <span class='ocrx_word' id='word_1_150' title='bbox 1127 2677 1191 2721; x_wconf 84' lang='lat' dir='ltr'><strong>utta-</strong></span> 
     </span>
    </p>

    <p class='ocr_par' dir='ltr' id='par_1_13' title="bbox 257 2774 1220 2972">
     <span class='ocr_line' id='line_1_25' title="bbox 264 2774 1220 2856; baseline -0.002 -22"><span class='ocrx_word' id='word_1_151' title='bbox 264 2797 326 2856; x_wconf 86' lang='lat' dir='ltr'><strong>que</strong></span> <span class='ocrx_word' id='word_1_152' title='bbox 348 2794 477 2851; x_wconf 89' lang='lat' dir='ltr'><strong>semper</strong></span> <span class='ocrx_word' id='word_1_153' title='bbox 506 2776 649 2855; x_wconf 82' lang='lat' dir='ltr'><strong>integra,</strong></span> <span class='ocrx_word' id='word_1_154' title='bbox 679 2774 819 2834; x_wconf 83' lang='lat' dir='ltr'><strong>emittat?</strong></span> <span class='ocrx_word' id='word_1_155' title='bbox 859 2777 946 2834; x_wconf 88' lang='lat' dir='ltr'><strong>Lttsn</strong></span> <span class='ocrx_word' id='word_1_156' title='bbox 968 2778 1105 2856; x_wconf 88' lang='lat' dir='ltr'><strong>quodam</strong></span> <span class='ocrx_word' id='word_1_157' title='bbox 1122 2791 1191 2835; x_wconf 86' lang='lat' dir='ltr'><strong>natu·</strong></span> <span class='ocrx_word' id='word_1_158' title='bbox 1214 2814 1220 2827; x_wconf 85' lang='lat'><strong>.</strong></span> 
     </span>
     <span class='ocr_line' id='line_1_26' title="bbox 257 2890 1192 2972; baseline -0.003 -22"><span class='ocrx_word' id='word_1_159' title='bbox 257 2911 333 2965; x_wconf 81' lang='lat' dir='ltr'><strong>rae,</strong></span> <span class='ocrx_word' id='word_1_160' title='bbox 356 2904 410 2949; x_wconf 86' lang='lat' dir='ltr'><strong>aut</strong></span> <span class='ocrx_word' id='word_1_161' title='bbox 429 2890 543 2947; x_wconf 87' lang='lat' dir='ltr'><strong>vermis</strong></span> <span class='ocrx_word' id='word_1_162' title='bbox 566 2890 709 2969; x_wconf 83' lang='lat' dir='ltr'><strong>germine</strong></span> <span class='ocrx_word' id='word_1_163' title='bbox 729 2893 840 2972; x_wconf 83' lang='lat' dir='ltr'><strong>ignota</strong></span> <span class='ocrx_word' id='word_1_164' title='bbox 862 2910 899 2948; x_wconf 85' lang='lat' dir='ltr'><strong>ex</strong></span> <span class='ocrx_word' id='word_1_165' title='bbox 921 2912 1015 2951; x_wconf 85' lang='lat' dir='ltr'><strong>causa</strong></span> <span class='ocrx_word' id='word_1_166' title='bbox 1035 2892 1104 2952; x_wconf 92' lang='lat' dir='ltr'><strong>heic</strong></span> <span class='ocrx_word' id='word_1_167' title='bbox 1123 2910 1192 2951; x_wconf 81' lang='lat' dir='ltr'><strong>oror-</strong></span> 
     </span>
    </p>

    <p class='ocr_par' dir='ltr' id='par_1_14' title="bbox 258 3003 1234 3205">
     <span class='ocr_line' id='line_1_27' title="bbox 259 3003 1234 3084; baseline -0.002 -21"><span class='ocrx_word' id='word_1_168' title='bbox 259 3020 310 3082; x_wconf 84' lang='lat' dir='ltr'><strong>to,</strong></span> <span class='ocrx_word' id='word_1_169' title='bbox 348 3003 507 3084; x_wconf 84' lang='lat' dir='ltr'><strong>similique</strong></span> <span class='ocrx_word' id='word_1_170' title='bbox 534 3003 644 3061; x_wconf 82' lang='lat' dir='ltr'><strong>forsan</strong></span> <span class='ocrx_word' id='word_1_171' title='bbox 664 3004 764 3062; x_wconf 87' lang='lat' dir='ltr'><strong>modo</strong></span> <span class='ocrx_word' id='word_1_172' title='bbox 788 3025 824 3063; x_wconf 89' lang='lat' dir='ltr'><strong>ac</strong></span> <span class='ocrx_word' id='word_1_173' title='bbox 846 3009 960 3065; x_wconf 89' lang='lat' dir='ltr'><strong>citrum</strong></span> <span class='ocrx_word' id='word_1_174' title='bbox 983 3012 1083 3075; x_wconf 88' lang='lat' dir='ltr'><strong>citro,</strong></span> <span class='ocrx_word' id='word_1_175' title='bbox 1117 3024 1191 3066; x_wconf 79' lang='lat' dir='ltr'><strong>ovam</strong></span> <span class='ocrx_word' id='word_1_176' title='bbox 1230 3022 1234 3081; x_wconf 56' lang='lat'><em>3</em></span> 
     </span>
     <span class='ocr_line' id='line_1_28' title="bbox 258 3119 1234 3205; baseline -0.003 -24"><span class='ocrx_word' id='word_1_177' title='bbox 258 3141 321 3181; x_wconf 93' lang='lat' dir='ltr'><strong>ovo</strong></span> <span class='ocrx_word' id='word_1_178' title='bbox 341 3119 518 3193; x_wconf 82' lang='lat' dir='ltr'><strong>inclusum,</strong></span> <span class='ocrx_word' id='word_1_179' title='bbox 542 3132 689 3205; x_wconf 84' lang='lat' dir='ltr'><strong>enatum,</strong></span> <span class='ocrx_word' id='word_1_180' title='bbox 710 3136 772 3176; x_wconf 89' lang='lat' dir='ltr'><strong>nec</strong></span> <span class='ocrx_word' id='word_1_181' title='bbox 793 3140 870 3180; x_wconf 85' lang='lat' dir='ltr'><strong>vera</strong></span> <span class='ocrx_word' id='word_1_182' title='bbox 890 3128 1125 3205; x_wconf 81' lang='lat' dir='ltr'><strong>propagatione</strong></span> <span class='ocrx_word' id='word_1_183' title='bbox 1142 3122 1192 3180; x_wconf 83' lang='lat' dir='ltr'><strong>sor·</strong></span> <span class='ocrx_word' id='word_1_184' title='bbox 1229 3126 1234 3179; x_wconf 82' lang='lat'><strong>⁴.</strong></span> 
     </span>
    </p>
   </div>
   <div class='ocr_carea' id='block_1_12' title="bbox 255 3214 1234 3295">
    <p class='ocr_par' dir='ltr' id='par_1_15' title="bbox 255 3214 1234 3295">
     <span class='ocr_line' id='line_1_29' title="bbox 255 3214 1234 3295; baseline 0.001 -3"><span class='ocrx_word' id='word_1_185' title='bbox 255 3250 376 3295; x_wconf 84' lang='lat' dir='ltr'><strong>matum</strong></span> <span class='ocrx_word' id='word_1_186' title='bbox 397 3254 466 3295; x_wconf 88' lang='lat' dir='ltr'><strong>esse</strong></span> <span class='ocrx_word' id='word_1_187' title='bbox 487 3232 716 3295; x_wconf 82' lang='lat' dir='ltr'><strong>contenderint.</strong></span> <span class='ocrx_word' id='word_1_188' title='bbox 1231 3214 1234 3269; x_wconf 52' lang='lat'>3</span> 
     </span>
    </p>
   </div>
   <div class='ocr_carea' id='block_1_13' title="bbox 555 3349 910 3536">
    <p class='ocr_par' dir='ltr' id='par_1_16' title="bbox 555 3349 910 3536">
     <span class='ocr_line' id='line_1_30' title="bbox 693 3349 802 3448; baseline 0 -20"><span class='ocrx_word' id='word_1_189' title='bbox 693 3349 802 3448; x_wconf 64' lang='lat' dir='ltr'><strong>§.a</strong></span> 
     </span>
     <span class='ocr_line' id='line_1_31' title="bbox 555 3467 910 3536; baseline 0.008 -3"><span class='ocrx_word' id='word_1_190' title='bbox 555 3467 910 3536; x_wconf 83' lang='lat' dir='ltr'><strong>Corollaria.</strong></span> 
     </span>
    </p>
   </div>
   <div class='ocr_carea' id='block_1_14' title="bbox 257 3595 1204 3793">
    <p class='ocr_par' dir='ltr' id='par_1_17' title="bbox 257 3595 1204 3793">
     <span class='ocr_line' id='line_1_32' title="bbox 298 3595 1201 3676; baseline -0.001 -24"><span class='ocrx_word' id='word_1_191' title='bbox 298 3595 430 3652; x_wconf 77' lang='lat' dir='ltr'><strong>Veteres</strong></span> <span class='ocrx_word' id='word_1_192' title='bbox 444 3611 555 3652; x_wconf 82' lang='lat' dir='ltr'><strong>omnes</strong></span> <span class='ocrx_word' id='word_1_193' title='bbox 566 3613 689 3652; x_wconf 88' lang='lat' dir='ltr'><strong>vermes</strong></span> <span class='ocrx_word' id='word_1_194' title='bbox 711 3595 860 3676; x_wconf 59' lang='lat' dir='ltr'><strong>opiparor</strong></span> <span class='ocrx_word' id='word_1_195' title='bbox 876 3609 1068 3671; x_wconf 84' lang='lat' dir='ltr'><strong>statuerunt,</strong></span> <span class='ocrx_word' id='word_1_196' title='bbox 1079 3596 1098 3654; x_wconf 89' lang='lat' dir='ltr'>S</span> <span class='ocrx_word' id='word_1_197' title='bbox 1108 3596 1201 3656; x_wconf 80' lang='lat' dir='ltr'><strong>wam-</strong></span> 
     </span>
     <span class='ocr_line' id='line_1_33' title="bbox 257 3706 1204 3793; baseline 0.005 -30"><span class='ocrx_word' id='word_1_198' title='bbox 257 3707 506 3767; x_wconf 79' lang='lat' dir='ltr'><strong>merdatnius</strong></span> <span class='ocrx_word' id='word_1_199' title='bbox 535 3722 643 3767; x_wconf 80' lang='lat' dir='ltr'><strong>temen</strong></span> <span class='ocrx_word' id='word_1_200' title='bbox 671 3710 724 3783; x_wconf 83' lang='lat' dir='ltr'><strong>(in</strong></span> <span class='ocrx_word' id='word_1_201' title='bbox 749 3706 863 3793; x_wconf 76' lang='lat' dir='ltr'><strong>Bibliis</strong></span> <span class='ocrx_word' id='word_1_202' title='bbox 887 3709 1032 3768; x_wconf 83' lang='lat' dir='ltr'><strong>Naturae</strong></span> <span class='ocrx_word' id='word_1_203' title='bbox 1064 3730 1097 3789; x_wconf 90' lang='lat' dir='ltr'><strong>p.</strong></span> <span class='ocrx_word' id='word_1_204' title='bbox 1128 3711 1204 3787; x_wconf 77' lang='lat'><strong>117.)</strong></span> 
     </span>
    </p>
   </div>
   <div class='ocr_carea' id='block_1_15' title="bbox 1093 3827 1207 3885">
    <p class='ocr_par' dir='ltr' id='par_1_18' title="bbox 1093 3827 1207 3885">
     <span class='ocr_line' id='line_1_34' title="bbox 1093 3827 1207 3885; baseline -0.044 0"><span class='ocrx_word' id='word_1_205' title='bbox 1093 3827 1207 3885; x_wconf 79' lang='lat' dir='ltr'><strong>Ascari-</strong></span> 
     </span>
    </p>
   </div>
   <div class='ocr_carea' id='block_1_16' title="bbox 0 0 1255 4642">
    <p class='ocr_par' dir='ltr' id='par_1_19' title="bbox 0 0 1255 4642">
     <span class='ocr_line' id='line_1_35' title="bbox 0 0 1255 4642; baseline 0 0"><span class='ocrx_word' id='word_1_206' title='bbox 0 0 1255 4642; x_wconf 95' lang='lat' dir='ltr'><strong> </strong></span> 
     </span>
    </p>
   </div>
  </div>
 </body>
</html>
