2476 4642
1043 214 1105 289 437
1117 242 1120 249 ·

140 365 284 445 regione
301 360 410 441 'pisces
431 357 494 419 hoc
514 359 602 422 malo
622 363 723 432 rarius
744 354 941 439 afficiuntur,
966 377 1004 425 ut
1021 382 1105 449 nust-x

135 495 238 559 quern
259 476 393 559 ligulam
415 497 588 560 egressam,
608 476 661 538 vel
679 481 716 539 in
736 462 881 554 vulnere,
902 478 1004 540 semel
1034 495 1107 544 tane

134 603 208 653 tum
238 596 275 652 in
295 576 483 652 'abdomine
501 590 646 653 .bramae
683 590 873 667 haerentem
909 596 1101 658 invenerim.

134 706 311 792 Quidquid
332 722 440 769 eutem
460 710 511 783 sit,
533 707 670 799 vulnera
690 723 756 770 tam
776 727 797 769 e
814 682 943 783 Filaria,
964 728 1062 791 quem
1081 729 1102 771 e

123 812 252 904 Ligula
273 821 369 895 facta,
396 819 487 882 brevi
507 827 673 901 persanari
698 838 846 885 auctores
875 842 987 884 omnes
1015 819 1101 883 exhi·

128 930 227 1012 bent,
250 957 324 996 cum
343 934 529 997 vulneribus
551 941 793 1020 gangraenosis,
814 943 853 1013 in
870 937 1010 1003 hominis
1031 941 1108 999 ani·

128 1049 310 1113 maliumve
337 1053 496 1110 intestinis
518 1051 621 1113 obviis
644 1067 676 1112 et
701 1033 913 1133 permenses
940 1054 1021 1139 quiri
1041 1072 1098 1115 an·

125 1168 197 1227 rios
218 1162 367 1242 residuis,
393 1170 582 1248 neutiquam
610 1167 828 1265 computanda
847 1171 997 1246 ueniunt,
1026 1183 1097 1269 tqu-
1155 1142 1163 1160 ⁸

126 1292 257 1373 tueque
266 1282 385 1339 iterum
404 1279 507 1341 cladis
526 1301 650 1344 vermes
666 1303 808 1345 caussam
819 1299 889 1344 non
902 1302 982 1357 esse,
995 1280 1096 1343 ebun·
1147 1284 1152 1293 “

126 1394 176 1469 de
204 1392 369 1475 probant..
405 1394 502 1456 Con'f.
516 1443 518 1447 ⁴
531 1397 636 1463 ,etiam
672 1409 756 1480 quae
791 1397 834 1458 de
861 1396 969 1459 Oestri
994 1383 1117 1457 larvis¹
1194 1388 1198 1393 ⁵

126 1488 342 1593 subcutaneis
361 1512 397 1569 in
418 1510 496 1589 Cap.
518 1508 620 1571 XXII.
642 1514 671 1589 §.
691 1531 721 1572 ι.
742 1509 846 1573 retuli.

571 1737 648 1811 Μ

127 1957 133 1967 ,
218 1880 426 1948 Tubercula
449 1897 486 1944 et
510 1880 772 1973 aneurysmata
792 1883 1010 1950 verminosa.
1066 1908 1069 1913 ·

210 2077 357 2141 Scirrhos
378 2096 472 2137 veros
487 2079 641 2143 entozois
661 2054 827 2141 habitatos
845 2095 1019 2160 nunquam
1038 2095 1090 2137 re-

130 2199 220 2281 peri,
243 2210 275 2257 et
289 2194 579 2301 degenerationem
598 2205 636 2257 et
648 2191 799 2256 duritiem
812 2189 944 2252 illorum
956 2194 1090 2251 nimium

130 2331 204 2373 esse
227 2309 433 2382 crediderim,
455 2327 565 2391 quern
573 2309 630 2389 qui
649 2304 729 2367 haec
748 2305 863 2366 fovere
883 2318 1012 2409 queant
1037 2302 1091 2410 Ip·¹
1112 2296 1115 2301 ’
1195 2318 1197 2330 ·

130 2429 174 2487 sis
195 2422 346 2487 saltem
336 2442 372 2482 ιιι
397 2421 586 2482 animalibus
618 2426 702 2498 (tarn
729 2418 961 2511 mammalibus,
993 2432 1091 2507 quam
1133 2417 1137 2423 ’

130 2525 256 2612 avibus,
275 2556 338 2597 nec
350 2541 476 2618 paucis)
498 2535 614 2620 quibus
627 2534 742 2600 scirrhi
757 2550 860 2612 erant,
881 2533 979 2595 aliis
970 2553 1005 2594 ιιι
1017 2550 1091 2612 par-

128 2644 220 2719 'tibus
240 2671 365 2714 vermes
386 2656 508 2734 reperi,
528 2670 626 2730 saepe
645 2652 844 2727 innumeros,
864 2663 901 2709 ut
914 2647 954 2710 ab
974 2640 1090 2709 horum
1178 2676 1182 2730 j

131 2744 270 2875 defectu
287 2786 357 2829 non
375 2767 581 2857 pependerit.
711 2782 721 2815 t

214 2861 280 2945 Alii
302 2902 320 2942 e
342 2895 456 2943 contra
476 2895 618 2945 tumores
645 2897 679 2944 et
698 2880 866 2949 tubercula
889 2878 1065 2961 plurimis
1055 2894 1092 2937 ιιι

131 2980 279 3083 partibus
295 2996 400 3076 obvia,
420 2999 607 3101 saepissime
620 2997 781 3058 vermibus
796 3008 929 3069 scatent,
951 3010 1092 3074 quorum

133 3111 282 3193 exempla
303 3115 400 3175 etiam
428 3112 515 3193 apud
541 3125 687 3173 auctores
714 3108 809 3188 plura
830 3119 962 3182 exstant,
989 3102 1091 3180 (conf.
1159 3184 1161 3189 ,

127 3226 214 3301 Bibl
234 3240 335 3291 nostr.
354 3247 388 3290 n.
410 3246 528 3308 279-
487 3231 628 3299 -.282)
650 3237 683 3284 et
703 3222 745 3282 de
765 3219 880 3319 quibus
897 3219 1092 3329 ¹M'orgag·
1207 3194 1210 3201 ¹

125 3346 247 3420 nius,
271 3345 478 3407 Anatomicus
510 3357 661 3414 summus,
688 3333 782 3412 (Bibl.
809 3353 844 3398 n.
869 3334 932 3412 51.)
958 3333 1091 3414 egregie
1163 3380 1176 3395 ..

134 3459 275 3521 disserit.
314 3460 352 3520 ln
372 3459 507 3518 homine
525 3457 626 3515 rarius
647 3447 846 3524 exhibentur,
867 3461 901 3508 et
919 3447 1051 3508 nonnisi
1072 3434 1105 3533 a

134 3572 373 3665 Treutlero
402 3573 499 3655 (Diss.
525 3567 605 3633 Bibl.
632 3586 665 3632 n.
691 3572 747 3646 74,
766 3584 798 3644 p.
826 3568 889 3639 to.)
917 3557 1101 3644 glandulae.

134 3686 345 3752 bronchiales
365 3690 426 3750 viri
446 3687 559 3770 viginti
579 3695 656 3746 octo
678 3697 780 3741 annos
799 3679 878 3754 nati,
897 3677 1038 3775 majores
1059 3687 1114 3767 ec*
1151 3753 1153 3759 Ι
