2476 4642
167 200 230 278 334

168 370 275 417 uuum
296 355 480 427 comitetur,
507 352 717 415 demonstrari
744 357 877 439 quidem
906 365 1030 444 nequit,
1057 361 1103 429 iae

168 458 287 545 autem,
305 459 343 529 ut
361 442 405 527 lu
417 466 497 547 Cap·
513 468 586 531 XX.
607 460 746 539 docebo,
769 485 847 532 vero
868 473 1012 549 cimiliua,
1032 476 1103 541 exil-

76 622 80 631 ·
139 592 141 601 '
166 588 272 649 lor'um
297 587 407 666 itaqua
432 580 694 662 tabexhominem
719 585 829 665 plurea
854 608 915 668 per
935 606 1035 653 annot
1050 612 1102 655 cru·

166 706 270 792 ciente
295 698 439 778 ejusdem
472 686 609 761 aetatem
637 704 768 761 minimo
799 702 1041 778 determinabiat
1063 708 1100 768 lac

165 838 243 880 vero
262 814 343 903 labia
364 834 509 875 causeam
537 834 621 888 ecte,
645 815 752 896 pluaea
773 832 868 897 caepe
889 810 1002 881 ederae
1020 832 1100 883 etrou'·

58 964 61 971 ·
164 933 266 1031 gyl⁰³‚
283 945 313 992 et
325 929 483 1015 quosdam
499 930 660 994 interdum
679 948 739 1010 per
752 933 982 997 viacufinanas
997 937 1099 1000 ostede·

162 1070 208 1124 ra,
229 1049 430 1109 notissimum
451 1058 498 1105 eat
518 1044 616 1127 (conl.
637 1043 715 1105 Bibl.
735 1060 833 1111 noan.
852 1060 887 1108 u.
900 1055 1097 1130 iila-lm

163 1182 196 1226 n.
216 1165 309 1245 495),
328 1163 406 1221 nori
426 1177 503 1243 ergo
523 1172 730 1244 generantur,
756 1174 788 1221 et
808 1180 981 1246 quomque
998 1179 1095 1228 vetata

164 1282 392 1337 conserventur¹
411 1293 538 1354 temper
558 1271 692 1335 dubium
712 1276 780 1335 erit.
821 1276 1094 1361 Magnitudinem
1125 1306 1128 1315 ·

160 1404 226 1453 tem
247 1410 320 1450 cum
339 1408 544 1470 cummopere
565 1386 714 1450 differunt
733 1388 833 1468 (utin
854 1393 881 1469 §.
910 1388 1093 1455 antecedat·

161 1502 291 1586 mo'nui)
310 1504 537 1567 vitamfortau
558 1479 681 1563 diutius¹
693 1504 893 1582 protrahunt.
927 1532 947 1555 ·.
1003 1526 1018 1559 ·.

219 1622 293 1683 Hoc
312 1620 356 1682 da
375 1618 506 1702 reliquia
527 1621 622 1680 etiam
646 1618 730 1679 valet
760 1618 923 1697 Entoaoia,
954 1642 1019 1705 qno
1044 1636 1090 1685 tu·

161 1738 231 1799 dius
253 1740 338 1799 enim
359 1746 512 1808 crescent,
533 1752 572 1793 eo
593 1731 720 1816 longior
747 1736 842 1795 etiem
869 1739 907 1797 iia
927 1740 1089 1801 conceditur

156 1857 238 1927 vito,
264 1855 321 1934 qui
342 1826 406 1912 cito
425 1849 631 1931 perficiuntur
656 1853 842 1926 (communi
868 1862 902 1912 et
929 1853 1088 1915 animalium

157 1980 189 2027 et
206 1962 432 2050 vegetabilium
451 1964 533 2047 lege)
557 1958 647 2023 citlua
676 1974 808 2045 quoquo
826 1976 974 2047 pereuni,

215 2082 410 2142 'taeniarum
431 2072 579 2139 articulos
600 2081 667 2138 ovis
689 2064 852 2159 depotitio,
872 2078 924 2171 vel
943 2102 1015 2147 cam
1029 2084 1086 2164 iptit

156 2191 316 2270 decidere,
335 2190 386 2256 vel
407 2188 581 2255 earundem
602 2196 708 2254 ovaria
736 2191 850 2263 deleri;
876 2180 1087 2276 Amphinomu-

155 2314 192 2375 ua
212 2310 338 2373 cornuti
360 2308 526 2372 oviductua
548 2328 622 2369 cum
648 2306 749 2368 oeulis
777 2313 922 2382 eacemi3
952 2316 1038 2373 variis
1060 2314 1086 2370 lu

151 2426 371 2503 Nemetoideia
391 2446 419 2490 v.
442 2445 468 2484 c.
489 2423 678 2483 Hamulariis
688 2465 699 2495 ,
721 2424 926 2501 (lucullanis,
957 2428 1086 2510 Strongy·

152 2545 201 2619 lia,
221 2540 433 2614 Ascuridibus,
456 2553 561 2600 cutem
582 2539 730 2598 facillime
751 2540 908 2622 disrumpi
935 2556 968 2604 et
992 2545 1085 2604 ovarlit

150 2658 308 2741 prolapsis
328 2669 458 2736 partum
479 2653 599 2714 absolvi
620 2653 839 2730 observamus,
860 2670 897 2715 ut
921 2654 984 2718 hoc
1000 2668 1085 2719 etant·

148 2773 215 2832 luto
241 2772 386 2830 Entozoa
407 2788 544 2850 corpore
566 2773 719 2831 >continuo
740 2775 891 2832 instructa
905 2777 1001 2833 vitem
1015 2775 1086 2833 amit·

150 2900 219 2953 tere
250 2885 452 2957 crediderim,
495 2886 767 2965 quemadmodum
799 2903 830 2948 et
864 2889 1085 2950 articuletorum

147 3015 253 3084 parter
274 3003 429 3072 amittent,
450 3012 486 3058 ut
505 3019 578 3058 cum
598 2998 712 3079 plantis
735 3007 845 3062 annuis
866 3019 898 3064 et
911 3003 1086 3084 perennibua

146 3117 354 3197 comparandi
373 3117 462 3175 locut
483 3119 538 3189 ait,
561 3135 695 3196 quarum
716 3117 790 3178 illae
810 3124 931 3179 semine
956 3121 1087 3199 perfecto

145 3238 292 3312 pereunt,
313 3230 374 3292 liae
395 3244 501 3291 autem
526 3246 633 3312 parter
667 3247 789 3291 tantum
821 3233 984 3312 dejiciunt.
1024 3235 1089 3293 Pro·

144 3345 269 3426 lapsum
289 3349 421 3429 quidem
442 3353 624 3408 ovariorum
656 3352 788 3408 minime
818 3349 1008 3423 naturalem,
1038 3348 1091 3410 aad

143 3476 216 3523 cute
246 3465 328 3523 utitis
362 3478 478 3524 attactu
513 3465 654 3544 disrupta
687 3477 793 3523 ortum
815 3465 922 3524 dicere
942 3470 1091 3546 potueris,

144 3581 324 3638 ovar-iorum
353 3599 430 3641 vero
468 3582 503 3638 in
540 3581 757 3643 Nemetoideis
794 3581 1029 3662 longitudinem
1065 3595 1094 3641 et

140 3710 236 3776 gyros
256 3695 338 3757 circa
358 3698 505 3756 intestina
524 3696 625 3758 factos
651 3701 678 3760 si
708 3695 968 3775 consideraverit,
1000 3697 1093 3760 ovula
