2446 4644
971 260 994 325 5,

66 395 208 461 sinuatio
231 416 263 461 et
283 398 510 490 supplementa
531 400 567 460 T.
589 351 685 463 I-iv.
719 408 991 500 1799·1805.4.*

58 515 212 598 ‘Plurima
232 515 300 582 huc,
315 515 459 592 iaciunt,'
483 533 595 578 auctor
612 538 691 580 vero
712 521 936 600 inscriptiones
958 534 990 583 et

64 632 265 722 scsiptorum
290 606 423 691 nomina
448 629 616 693 festinante
638 631 761 696 caianio
781 653 895 695 manca
920 655 991 695 mu·

67 724 164 807 tilave
199 745 308 820 dedit,
347 722 569 829 librorumtiue
607 748 746 812 formum
781 747 989 830 utplurimum

64 879 135 920 non
154 860 316 923 indicavit.
422 902 425 913 ·
863 931 865 943 .

28 984 53 1046 8.
76 973 252 1056 Cataiogus
273 974 488 1038 bibliothocae
508 962 687 1041 historico·
704 978 858 1053 natus-alis
877 979 987 1041 lose·

40 1085 137 1170 phi
169 1088 310 1150 Banks.
350 1092 491 1153 Auctore
515 1094 617 1153 Jona
642 1095 875 1181 Dryander.
901 1074 984 1155 T..1

64 1204 241 1282 Scriptores
271 1204 445 1286 generales.
470 1216 555 1288 1798.
584 1210 621 1266 T.
642 1206 680 1266 II
720 1192 984 1292 Zoologi.1796.
1074 1249 1081 1259 .
1129 1273 1131 1286 ³

65 1319 103 1378 T.
123 1317 178 1376 ut
212 1318 481 1400 Botanici.1797
521 1322 559 1380 T.
579 1319 633 1380 IV.
660 1321 866 1414 Mineralogi.
898 1331 1002 1417 1799·¹
1083 1312 1088 1335 ¹

62 1435 100 1494 Τ.
132 1431 172 1493 V.
209 1419 473 1513 Suppiementunt
509 1450 541 1495 et
570 1436 982 1507 indexauctorum.1800
1037 1497 1039 1500 .

61 1547 213 1618 Londini.
239 1557 268 1620 8.
301 1547 321 1588 i
374 1549 465 1629 Opus
498 1569 622 1610 summa
654 1571 730 1615 cusa
763 1549 980 1641 elaboratum,

62 1667 152 1724 omni
172 1661 269 1728 laude
290 1663 517 1745 dignissimum.

24 1800 49 1861 9.
66 1778 297 1860 Repertorium
323 1780 629 1841 commentationum
657 1801 675 1840 a
703 1779 908 1842 societatibus
928 1779 980 1839 iit-

58 1896 185 1956 terariis
220 1894 375 1953 editarum
410 1894 585 1955 secundum
618 1893 859 1978 disciplinarum
894 1893 980 1953 ordi-

57 2027 135 2069 nem
171 2007 302 2091 digessit
332 2008 357 2067 J.
378 2008 419 2070 D.
444 2009 584 2082 Reuss
642 2010 783 2072 scientia
816 2005 976 2071 naturalis.

20 2175 22 2178 ,
58 2125 98 2183 Τ.
118 2123 144 2183 Ι.
196 2123 336 2183 Historia
367 2122 521 2198 naturalis
556 2124 713 2207 generalis
744 2140 777 2186 et
807 2121 994 2204 Zoologia..

58 2239 99 2297 T.
120 2216 333 2299 litantes
358 2254 392 2298 et
417 2238 631 2320 Mineruiogia
657 2241 735 2315 (nec
761 2257 830 2297 non
856 2236 975 2316 index).

57 2353 204 2435 Gotting.
237 2356 328 2429 1801,
359 2363 443 2424 1802.
463 2359 493 2430 4.
518 2351 539 2392 *
590 2350 761 2432 Catalogus
788 2353 978 2430 ceteso'quin

56 2469 324 2543 accuratissimus,
350 2471 466 2548 scripta
492 2481 600 2530 tamen
619 2437 903 2552 iteltninthologica
917 2481 976 2532 suo

55 2585 185 2662 saepius
205 2604 272 2643 non
293 2598 458 2645 enumerat
480 2581 564 2642 loco

21 2695 174 2758 10.Seb.
198 2695 282 2758 Joit
303 2698 440 2795 Ludw.
460 2697 646 2780 Doering
674 2694 833 2757 critisches
854 2695 975 2776 Reper-

54 2817 175 2874 torium
195 2811 297 2872 der
288 2832 343 2871 m·
362 2811 432 2871 und
458 2807 702 2872 auslandischen
728 2809 977 2893 medicinischsn

53 2926 187 2990 Probo·
212 2927 280 2986 und
305 2923 665 3010 Einladungsscitrii'teu.
722 2925 815 2988 Erste
843 2885 975 2987 Aithei

57 3043 145 3126 lung.
188 3039 412 3102 Verzeichniss
434 3041 493 3101 der
513 3039 670 3101 Schriften
690 3060 754 3100 von
776 3050 972 3122 1781-1790.

54 3158 208 3220 Herborn
232 3166 315 3227 1803.
336 3165 365 3234 4.
387 3156 407 3196 *
446 3158 686 3236 Disputationes
701 3174 859 3214 annorum
873 3155 973 3214 dicto·

54 3289 126 3334 rum
140 3269 440 3355 helminthoiogicas
455 3286 620 3332 enumerat
637 3285 669 3329 et
683 3256 851 3350 dijudicat,
875 3289 972 3348 opus*

55 3409 118 3470 quc
138 3407 208 3447 non
231 3391 449 3450 continuatum
471 3408 539 3448 esse
560 3384 678 3446 doleas.

163 3503 280 3563 Diariis
300 3489 473 3578 litterariis,
497 3499 611 3582 quibus
630 3484 705 3560 usus
726 3518 796 3559 sum
814 3496 969 3580 piurimis,
1053 3483 1056 3490 ¹

92 3617 544 3699 enumerandiasuporscdeo.

1115 393 1121 430 i
