<?xml version="1.0" encoding="UTF-8"?>
<!DOCTYPE html PUBLIC "-//W3C//DTD XHTML 1.0 Transitional//EN"
    "http://www.w3.org/TR/xhtml1/DTD/xhtml1-transitional.dtd">
<html xmlns="http://www.w3.org/1999/xhtml" xml:lang="en" lang="en">
 <head>
  <title>
</title>
<meta http-equiv="Content-Type" content="text/html;charset=utf-8" />
  <meta name='ocr-system' content='tesseract 3.04.00' />
  <meta name='ocr-capabilities' content='ocr_page ocr_carea ocr_par ocr_line ocrx_word'/>
</head>
<body>
  <div class='ocr_page' id='page_1' title='image "./entozoorumsivev02rudogoog_0079.png"; bbox 0 0 2476 4642; ppageno 0'>
   <div class='ocr_carea' id='block_1_1' title="bbox 281 386 1206 592">
    <p class='ocr_par' dir='ltr' id='par_1_1' title="bbox 281 386 1185 592">
     <span class='ocr_line' id='line_1_1' title="bbox 281 386 1185 475; baseline 0.001 -16"><span class='ocrx_word' id='word_1_1' title='bbox 281 386 390 463; x_wconf 80' lang='lat' dir='ltr'>cibum</span> <span class='ocrx_word' id='word_1_2' title='bbox 406 393 495 459; x_wconf 84' lang='lat' dir='ltr'>male</span> <span class='ocrx_word' id='word_1_3' title='bbox 511 391 787 475; x_wconf 79' lang='lat' dir='ltr'>concdquentibus</span> <span class='ocrx_word' id='word_1_4' title='bbox 808 397 965 457; x_wconf 83' lang='lat' dir='ltr'>asseritur</span> <span class='ocrx_word' id='word_1_5' title='bbox 1004 394 1185 461; x_wconf 83' lang='lat' dir='ltr'>Lumbricot</span> 
     </span>
     <span class='ocr_line' id='line_1_2' title="bbox 283 508 1206 592; baseline 0.001 -20"><span class='ocrx_word' id='word_1_6' title='bbox 283 512 449 592; x_wconf 77' lang='lat' dir='ltr'>adipsum</span> <span class='ocrx_word' id='word_1_7' title='bbox 469 509 677 591; x_wconf 79' lang='lat' dir='ltr'>quandoque</span> <span class='ocrx_word' id='word_1_8' title='bbox 688 510 860 570; x_wconf 87' lang='lat' dir='ltr'>ascendere</span> <span class='ocrx_word' id='word_1_9' title='bbox 880 508 1110 585; x_wconf 64' lang='lat' dir='ltr'>ventriculum</span> <span class='ocrx_word' id='word_1_10' title='bbox 1145 532 1206 579; x_wconf 79' lang='lat' dir='ltr'>tt</span> 
     </span>
    </p>
   </div>
   <div class='ocr_carea' id='block_1_2' title="bbox 195 622 1237 3689">
    <p class='ocr_par' dir='ltr' id='par_1_2' title="bbox 253 622 1008 727">
     <span class='ocr_line' id='line_1_3' title="bbox 253 622 1008 727; baseline -0.004 -40.887"><span class='ocrx_word' id='word_1_11' title='bbox 253 629 403 693; x_wconf 49' lang='grc' dir='ltr'>’τίοτοιῃ</span> <span class='ocrx_word' id='word_1_12' title='bbox 424 644 493 699; x_wconf 80' lang='lat' dir='ltr'>esse</span> <span class='ocrx_word' id='word_1_13' title='bbox 513 622 662 685; x_wconf 86' lang='lat' dir='ltr'><strong>lumbrici</strong></span> <span class='ocrx_word' id='word_1_14' title='bbox 679 622 737 685; x_wconf 89' lang='lat' dir='ltr'>lati</span> <span class='ocrx_word' id='word_1_15' title='bbox 757 629 1008 727; x_wconf 77' lang='lat' dir='ltr'>generationem.</span> 
     </span>
    </p>

    <p class='ocr_par' dir='ltr' id='par_1_3' title="bbox 244 698 1237 1281">
     <span class='ocr_line' id='line_1_4' title="bbox 244 698 1237 824; baseline 0.002 -20"><span class='ocrx_word' id='word_1_16' title='bbox 244 760 292 824; x_wconf 77' lang='lat'>97.</span> <span class='ocrx_word' id='word_1_17' title='bbox 314 708 450 821; x_wconf 79' lang='lat' dir='ltr'>Caelii</span> <span class='ocrx_word' id='word_1_18' title='bbox 478 736 689 800; x_wconf 82' lang='lat' dir='ltr'>Aureliani</span> <span class='ocrx_word' id='word_1_19' title='bbox 718 740 761 799; x_wconf 87' lang='lat' dir='ltr'>de</span> <span class='ocrx_word' id='word_1_20' title='bbox 780 737 901 800; x_wconf 84' lang='lat' dir='ltr'><strong>morbis</strong></span> <span class='ocrx_word' id='word_1_21' title='bbox 928 744 1027 802; x_wconf 89' lang='lat' dir='ltr'>acutis</span> <span class='ocrx_word' id='word_1_22' title='bbox 1050 758 1083 804; x_wconf 91' lang='lat' dir='ltr'>et</span> <span class='ocrx_word' id='word_1_23' title='bbox 1102 698 1192 806; x_wconf 77' lang='lat' dir='ltr'>chro-</span> <span class='ocrx_word' id='word_1_24' title='bbox 1223 748 1237 793; x_wconf 76' lang='lat' dir='ltr'>t</span> 
     </span>
     <span class='ocr_line' id='line_1_5' title="bbox 281 845 1237 919; baseline -0.007 0"><span class='ocrx_word' id='word_1_25' title='bbox 281 853 556 932; x_wconf 78' lang='lat' dir='ltr'>nicislibsiVlIl</span> <span class='ocrx_word' id='word_1_26' title='bbox 585 874 766 915; x_wconf 75' lang='lat' dir='ltr'>excecant.</span> <span class='ocrx_word' id='word_1_27' title='bbox 793 855 849 914; x_wconf 89' lang='lat' dir='ltr'>Jo.</span> <span class='ocrx_word' id='word_1_28' title='bbox 877 854 999 914; x_wconf 83' lang='lat' dir='ltr'>Conr</span> <span class='ocrx_word' id='word_1_29' title='bbox 1026 845 1193 918; x_wconf 85' lang='lat' dir='ltr'>Ammau</span> <span class='ocrx_word' id='word_1_30' title='bbox 1223 853 1237 912; x_wconf 83' lang='lat' dir='ltr'>l</span> 
     </span>
     <span class='ocr_line' id='line_1_6' title="bbox 283 962 1237 1053; baseline 0 -22"><span class='ocrx_word' id='word_1_31' title='bbox 283 968 414 1037; x_wconf 73' lang='lat' dir='ltr'>Amstel.</span> <span class='ocrx_word' id='word_1_32' title='bbox 439 989 524 1050; x_wconf 55' lang='lat'>17⁰9</span> <span class='ocrx_word' id='word_1_33' title='bbox 544 978 575 1047; x_wconf 75' lang='lat'>4.</span> <span class='ocrx_word' id='word_1_34' title='bbox 594 969 617 1014; x_wconf 66' lang='lat'>*-</span> <span class='ocrx_word' id='word_1_35' title='bbox 653 968 691 1028; x_wconf 92' lang='lat' dir='ltr'>In</span> <span class='ocrx_word' id='word_1_36' title='bbox 711 965 857 1053; x_wconf 79' lang='lat' dir='ltr'>hydrope</span> <span class='ocrx_word' id='word_1_37' title='bbox 879 983 911 1029; x_wconf 88' lang='lat' dir='ltr'>et</span> <span class='ocrx_word' id='word_1_38' title='bbox 930 972 965 1030; x_wconf 89' lang='lat' dir='ltr'>in</span> <span class='ocrx_word' id='word_1_39' title='bbox 984 973 1113 1031; x_wconf 82' lang='lat' dir='ltr'>vesicae</span> <span class='ocrx_word' id='word_1_40' title='bbox 1133 991 1196 1032; x_wconf 82' lang='lat' dir='ltr'>me·</span> <span class='ocrx_word' id='word_1_41' title='bbox 1224 962 1237 1049; x_wconf 68' lang='grc' dir='ltr'>’ἑξ</span> 
     </span>
     <span class='ocr_line' id='line_1_7' title="bbox 268 1081 1237 1169; baseline -0.002 -23"><span class='ocrx_word' id='word_1_42' title='bbox 268 1083 323 1149; x_wconf 82' lang='lat' dir='ltr'>-lis</span> <span class='ocrx_word' id='word_1_43' title='bbox 344 1082 511 1169; x_wconf 85' lang='lat' dir='ltr'>hydatides</span> <span class='ocrx_word' id='word_1_44' title='bbox 534 1081 720 1148; x_wconf 79' lang='lat' dir='ltr'>a-Caelio</span> <span class='ocrx_word' id='word_1_45' title='bbox 747 1099 912 1145; x_wconf 83' lang='lat' dir='ltr'>annotatas</span> <span class='ocrx_word' id='word_1_46' title='bbox 934 1105 1021 1159; x_wconf 87' lang='lat' dir='ltr'>csse,</span> <span class='ocrx_word' id='word_1_47' title='bbox 1054 1083 1201 1151; x_wconf 48' lang='lat' dir='ltr'>Heliae</span> <span class='ocrx_word' id='word_1_48' title='bbox 1231 1104 1237 1151; x_wconf 75' lang='lat' dir='ltr'>,r</span> 
     </span>
     <span class='ocr_line' id='line_1_8' title="bbox 282 1186 1237 1281; baseline -0.005 -19"><span class='ocrx_word' id='word_1_49' title='bbox 282 1218 351 1265; x_wconf 78' lang='lat' dir='ltr'>rus</span> <span class='ocrx_word' id='word_1_50' title='bbox 366 1197 474 1278; x_wconf 85' lang='lat' dir='ltr'>·(Brbl.</span> <span class='ocrx_word' id='word_1_51' title='bbox 494 1197 579 1258; x_wconf 86' lang='lat' dir='ltr'>med.</span> <span class='ocrx_word' id='word_1_52' title='bbox 596 1202 698 1280; x_wconf 84' lang='lat' dir='ltr'>praet.</span> <span class='ocrx_word' id='word_1_53' title='bbox 724 1219 747 1256; x_wconf 91' lang='lat'>1.</span> <span class='ocrx_word' id='word_1_54' title='bbox 775 1219 806 1280; x_wconf 91' lang='lat' dir='ltr'>p.</span> <span class='ocrx_word' id='word_1_55' title='bbox 828 1202 914 1281; x_wconf 81' lang='lat'>209.)</span> <span class='ocrx_word' id='word_1_56' title='bbox 934 1200 1051 1272; x_wconf 82' lang='lat' dir='ltr'>refert,</span> <span class='ocrx_word' id='word_1_57' title='bbox 1084 1199 1146 1259; x_wconf 88' lang='lat' dir='ltr'>sed</span> <span class='ocrx_word' id='word_1_58' title='bbox 1163 1202 1199 1260; x_wconf 89' lang='lat' dir='ltr'>in</span> <span class='ocrx_word' id='word_1_59' title='bbox 1213 1186 1237 1257; x_wconf 52' lang='grc' dir='ltr'>’ἵ</span> 
     </span>
    </p>

    <p class='ocr_par' dir='ltr' id='par_1_4' title="bbox 250 1308 1237 1968">
     <span class='ocr_line' id='line_1_9' title="bbox 250 1308 1237 1401; baseline -0.003 -26"><span class='ocrx_word' id='word_1_60' title='bbox 250 1377 256 1384; x_wconf 79' lang='grc'><strong>,</strong></span> <span class='ocrx_word' id='word_1_61' title='bbox 284 1318 390 1394; x_wconf 84' lang='lat' dir='ltr'>capite</span> <span class='ocrx_word' id='word_1_62' title='bbox 411 1313 451 1373; x_wconf 89' lang='lat' dir='ltr'>de</span> <span class='ocrx_word' id='word_1_63' title='bbox 471 1308 620 1396; x_wconf 79' lang='lat' dir='ltr'>hydrope</span> <span class='ocrx_word' id='word_1_64' title='bbox 646 1332 689 1372; x_wconf 91' lang='lat' dir='ltr'>ne</span> <span class='ocrx_word' id='word_1_65' title='bbox 709 1312 844 1383; x_wconf 82' lang='lat' dir='ltr'>verbum</span> <span class='ocrx_word' id='word_1_66' title='bbox 863 1313 996 1397; x_wconf 88' lang='lat' dir='ltr'>quidem</span> <span class='ocrx_word' id='word_1_67' title='bbox 1019 1312 1061 1374; x_wconf 89' lang='lat' dir='ltr'>de</span> <span class='ocrx_word' id='word_1_68' title='bbox 1081 1312 1199 1401; x_wconf 75' lang='lat' dir='ltr'>iisdem</span> <span class='ocrx_word' id='word_1_69' title='bbox 1234 1340 1237 1345; x_wconf 93' lang='lat'>·</span> 
     </span>
     <span class='ocr_line' id='line_1_10' title="bbox 283 1426 1208 1517; baseline -0.003 -28"><span class='ocrx_word' id='word_1_70' title='bbox 283 1430 413 1499; x_wconf 77' lang='lat' dir='ltr'>invenio</span> <span class='ocrx_word' id='word_1_71' title='bbox 419 1471 430 1503; x_wconf 92' lang='lat'><em>,</em></span> <span class='ocrx_word' id='word_1_72' title='bbox 462 1441 495 1517; x_wconf 71' lang='lat' dir='ltr'>et</span> <span class='ocrx_word' id='word_1_73' title='bbox 516 1426 616 1488; x_wconf 78' lang='lat' dir='ltr'>altero</span> <span class='ocrx_word' id='word_1_74' title='bbox 636 1426 712 1489; x_wconf 88' lang='lat' dir='ltr'>loco</span> <span class='ocrx_word' id='word_1_75' title='bbox 732 1426 803 1507; x_wconf 88' lang='lat' dir='ltr'>(lib.</span> <span class='ocrx_word' id='word_1_76' title='bbox 825 1430 863 1488; x_wconf 89' lang='lat' dir='ltr'>V.</span> <span class='ocrx_word' id='word_1_77' title='bbox 885 1432 966 1510; x_wconf 83' lang='lat' dir='ltr'>Cap.</span> <span class='ocrx_word' id='word_1_78' title='bbox 984 1429 1037 1488; x_wconf 87' lang='lat' dir='ltr'>IV.</span> <span class='ocrx_word' id='word_1_79' title='bbox 1058 1449 1090 1508; x_wconf 80' lang='lat' dir='ltr'>p·</span> <span class='ocrx_word' id='word_1_80' title='bbox 1112 1430 1208 1507; x_wconf 80' lang='lat'>570.)-</span> 
     </span>
     <span class='ocr_line' id='line_1_11' title="bbox 272 1528 1200 1635; baseline -0.003 -31"><span class='ocrx_word' id='word_1_81' title='bbox 272 1544 369 1621; x_wconf 32' lang='lat' dir='ltr'>,inter</span> <span class='ocrx_word' id='word_1_82' title='bbox 388 1543 513 1602; x_wconf 79' lang='lat' dir='ltr'>vesicae</span> <span class='ocrx_word' id='word_1_83' title='bbox 539 1541 624 1603; x_wconf 87' lang='lat' dir='ltr'>mala</span> <span class='ocrx_word' id='word_1_84' title='bbox 643 1557 753 1626; x_wconf 84' lang='lat' dir='ltr'>guttae</span> <span class='ocrx_word' id='word_1_85' title='bbox 774 1544 944 1635; x_wconf 77' lang='lat' dir='ltr'>aquatiles,</span> <span class='ocrx_word' id='word_1_86' title='bbox 974 1565 1051 1627; x_wconf 85' lang='lat' dir='ltr'>quas</span> <span class='ocrx_word' id='word_1_87' title='bbox 1072 1528 1200 1626; x_wconf 76' lang='lat' dir='ltr'>hy&#39;dati-</span> 
     </span>
     <span class='ocr_line' id='line_1_12' title="bbox 271 1655 1200 1733; baseline -0.004 -15"><span class='ocrx_word' id='word_1_88' title='bbox 271 1656 344 1718; x_wconf 67' lang='grc' dir='ltr'>[ὼε</span> <span class='ocrx_word' id='word_1_89' title='bbox 364 1671 501 1732; x_wconf 81' lang='lat' dir='ltr'>vocant,</span> <span class='ocrx_word' id='word_1_90' title='bbox 528 1672 773 1733; x_wconf 75' lang='lat' dir='ltr'><strong>enumerantur,</strong></span> <span class='ocrx_word' id='word_1_91' title='bbox 806 1656 896 1718; x_wconf 88' lang='lat' dir='ltr'>nullo</span> <span class='ocrx_word' id='word_1_92' title='bbox 923 1678 1002 1719; x_wconf 87' lang='lat' dir='ltr'>vero</span> <span class='ocrx_word' id='word_1_93' title='bbox 1022 1655 1126 1715; x_wconf 91' lang='lat' dir='ltr'>modo</span> <span class='ocrx_word' id='word_1_94' title='bbox 1148 1675 1200 1715; x_wconf 86' lang='lat' dir='ltr'>ex·</span> 
     </span>
     <span class='ocr_line' id='line_1_13' title="bbox 267 1746 1199 1854; baseline -0.001 -23"><span class='ocrx_word' id='word_1_95' title='bbox 267 1746 455 1854; x_wconf 65' lang='lat' dir='ltr'>plicantur.</span> <span class='ocrx_word' id='word_1_96' title='bbox 495 1769 533 1831; x_wconf 87' lang='lat' dir='ltr'>In</span> <span class='ocrx_word' id='word_1_97' title='bbox 560 1776 663 1853; x_wconf 89' lang='lat' dir='ltr'>capite</span> <span class='ocrx_word' id='word_1_98' title='bbox 690 1772 730 1832; x_wconf 88' lang='lat' dir='ltr'>de</span> <span class='ocrx_word' id='word_1_99' title='bbox 750 1770 911 1832; x_wconf 81' lang='lat' dir='ltr'>lumbricis</span> <span class='ocrx_word' id='word_1_100' title='bbox 939 1769 1009 1849; x_wconf 82' lang='lat' dir='ltr'>(lib.</span> <span class='ocrx_word' id='word_1_101' title='bbox 1030 1771 1083 1831; x_wconf 88' lang='lat' dir='ltr'>lV.</span> <span class='ocrx_word' id='word_1_102' title='bbox 1109 1773 1199 1851; x_wconf 85' lang='lat' dir='ltr'>.Cap.</span> 
     </span>
     <span class='ocr_line' id='line_1_14' title="bbox 281 1885 1201 1968; baseline -0.003 -21"><span class='ocrx_word' id='word_1_103' title='bbox 281 1885 367 1948; x_wconf 67' lang='lat' dir='ltr'>,vlit</span> <span class='ocrx_word' id='word_1_104' title='bbox 388 1904 419 1967; x_wconf 83' lang='lat' dir='ltr'>p·</span> <span class='ocrx_word' id='word_1_105' title='bbox 440 1888 620 1968; x_wconf 72' lang='lat' dir='ltr'>tta-545.)</span> <span class='ocrx_word' id='word_1_106' title='bbox 642 1886 682 1947; x_wconf 89' lang='lat' dir='ltr'>de</span> <span class='ocrx_word' id='word_1_107' title='bbox 703 1888 799 1968; x_wconf 84' lang='lat' dir='ltr'>signis</span> <span class='ocrx_word' id='word_1_108' title='bbox 821 1904 859 1946; x_wconf 85' lang='lat' dir='ltr'>ex</span> <span class='ocrx_word' id='word_1_109' title='bbox 878 1888 1034 1945; x_wconf 85' lang='lat' dir='ltr'>vermium</span> <span class='ocrx_word' id='word_1_110' title='bbox 1053 1900 1201 1947; x_wconf 88' lang='lat' dir='ltr'>mortuo·</span> 
     </span>
    </p>

    <p class='ocr_par' dir='ltr' id='par_1_5' title="bbox 248 1982 1209 2308">
     <span class='ocr_line' id='line_1_15' title="bbox 248 1982 1201 2082; baseline -0.003 -19"><span class='ocrx_word' id='word_1_111' title='bbox 248 2064 251 2069; x_wconf 85' lang='grc'>,</span> <span class='ocrx_word' id='word_1_112' title='bbox 284 1982 431 2063; x_wconf 46' lang='lat' dir='ltr'>rumlvel</span> <span class='ocrx_word' id='word_1_113' title='bbox 449 2003 615 2077; x_wconf 84' lang='lat' dir='ltr'>vivorum,</span> <span class='ocrx_word' id='word_1_114' title='bbox 637 1999 784 2061; x_wconf 90' lang='lat' dir='ltr'>alborum</span> <span class='ocrx_word' id='word_1_115' title='bbox 804 1999 855 2075; x_wconf 83' lang='lat' dir='ltr'>vel</span> <span class='ocrx_word' id='word_1_116' title='bbox 876 2000 1201 2082; x_wconf 77' lang='lat' dir='ltr'>sanguinolentorum</span> 
     </span>
     <span class='ocr_line' id='line_1_16' title="bbox 285 2114 1209 2199; baseline -0.003 -22"><span class='ocrx_word' id='word_1_117' title='bbox 285 2116 468 2197; x_wconf 85' lang='lat' dir='ltr'>dejectione</span> <span class='ocrx_word' id='word_1_118' title='bbox 490 2119 563 2199; x_wconf 78' lang='lat' dir='ltr'>agit</span> <span class='ocrx_word' id='word_1_119' title='bbox 599 2117 735 2178; x_wconf 86' lang='lat' dir='ltr'>Vermes</span> <span class='ocrx_word' id='word_1_120' title='bbox 755 2115 917 2176; x_wconf 88' lang='lat' dir='ltr'>interdum</span> <span class='ocrx_word' id='word_1_121' title='bbox 937 2114 1209 2176; x_wconf 84' lang='lat' dir='ltr'>ulceratis·acce·&#39;·</span> 
     </span>
     <span class='ocr_line' id='line_1_17' title="bbox 286 2229 1200 2308; baseline 0 -17"><span class='ocrx_word' id='word_1_122' title='bbox 286 2229 366 2291; x_wconf 87' lang='lat' dir='ltr'>dere</span> <span class='ocrx_word' id='word_1_123' title='bbox 393 2233 550 2291; x_wconf 82' lang='lat' dir='ltr'>intestinis</span> <span class='ocrx_word' id='word_1_124' title='bbox 577 2246 706 2306; x_wconf 85' lang='lat' dir='ltr'>monet,</span> <span class='ocrx_word' id='word_1_125' title='bbox 740 2229 850 2301; x_wconf 82' lang='lat' dir='ltr'>ulcera</span> <span class='ocrx_word' id='word_1_126' title='bbox 877 2230 1075 2291; x_wconf 86' lang='lat' dir='ltr'>avermibus</span> <span class='ocrx_word' id='word_1_127' title='bbox 1102 2231 1200 2308; x_wconf 85' lang='lat' dir='ltr'>facta,</span> 
     </span>
    </p>

    <p class='ocr_par' dir='ltr' id='par_1_6' title="bbox 244 2342 1204 2659">
     <span class='ocr_line' id='line_1_18' title="bbox 285 2342 1203 2427; baseline 0.002 -21.914"><span class='ocrx_word' id='word_1_128' title='bbox 285 2342 394 2427; x_wconf 85' lang='lat' dir='ltr'>qualia</span> <span class='ocrx_word' id='word_1_129' title='bbox 420 2361 631 2426; x_wconf 84' lang='lat' dir='ltr'>posterorum</span> <span class='ocrx_word' id='word_1_130' title='bbox 651 2344 821 2405; x_wconf 84' lang='lat' dir='ltr'>credulitas</span> <span class='ocrx_word' id='word_1_131' title='bbox 844 2345 986 2422; x_wconf 84' lang='lat' dir='ltr'>admisit,</span> <span class='ocrx_word' id='word_1_132' title='bbox 1017 2345 1055 2406; x_wconf 85' lang='lat' dir='ltr'>ab</span> <span class='ocrx_word' id='word_1_133' title='bbox 1079 2346 1203 2407; x_wconf 87' lang='lat' dir='ltr'>eodem</span> 
     </span>
     <span class='ocr_line' id='line_1_19' title="bbox 284 2460 1203 2541; baseline 0.004 -24"><span class='ocrx_word' id='word_1_134' title='bbox 284 2461 486 2540; x_wconf 81' lang='lat' dir='ltr'>ignorantur.</span> <span class='ocrx_word' id='word_1_135' title='bbox 538 2462 669 2521; x_wconf 78' lang='lat' dir='ltr'>Vermes</span> <span class='ocrx_word' id='word_1_136' title='bbox 698 2460 870 2540; x_wconf 87' lang='lat' dir='ltr'>aliquando</span> <span class='ocrx_word' id='word_1_137' title='bbox 899 2475 1014 2541; x_wconf 83' lang='lat' dir='ltr'>sponte</span> <span class='ocrx_word' id='word_1_138' title='bbox 1033 2478 1203 2520; x_wconf 84' lang='lat' dir='ltr'>connexos</span> 
     </span>
     <span class='ocr_line' id='line_1_20' title="bbox 283 2571 1204 2659; baseline 0.003 -28"><span class='ocrx_word' id='word_1_139' title='bbox 283 2575 320 2631; x_wconf 88' lang='lat' dir='ltr'>in</span> <span class='ocrx_word' id='word_1_140' title='bbox 347 2571 502 2659; x_wconf 86' lang='lat' dir='ltr'>sphaerae</span> <span class='ocrx_word' id='word_1_141' title='bbox 538 2573 796 2651; x_wconf 85' lang='lat' dir='ltr'>similitudinem,</span> <span class='ocrx_word' id='word_1_142' title='bbox 838 2574 1009 2656; x_wconf 84' lang='lat' dir='ltr'>aliquando</span> <span class='ocrx_word' id='word_1_143' title='bbox 1033 2573 1204 2654; x_wconf 82' lang='lat' dir='ltr'>plurimos</span> 
     </span>
    </p>

    <p class='ocr_par' dir='ltr' id='par_1_7' title="bbox 249 2685 1202 2886">
     <span class='ocr_line' id='line_1_21' title="bbox 249 2685 1201 2769; baseline 0.008 -27"><span class='ocrx_word' id='word_1_144' title='bbox 249 2752 252 2756; x_wconf 20' lang='lat'><strong>¹</strong></span> <span class='ocrx_word' id='word_1_145' title='bbox 283 2687 447 2764; x_wconf 67' lang='lat' dir='ltr'>amplexu</span> <span class='ocrx_word' id='word_1_146' title='bbox 466 2701 581 2746; x_wconf 82' lang='lat' dir='ltr'>mutuo</span> <span class='ocrx_word' id='word_1_147' title='bbox 603 2688 812 2756; x_wconf 79' lang='lat' dir='ltr'>vinculatos,</span> <span class='ocrx_word' id='word_1_148' title='bbox 845 2688 1018 2769; x_wconf 87' lang='lat' dir='ltr'>aliquando</span> <span class='ocrx_word' id='word_1_149' title='bbox 1039 2685 1201 2753; x_wconf 84' lang='lat' dir='ltr'>solitarios</span> 
     </span>
     <span class='ocr_line' id='line_1_22' title="bbox 286 2796 1202 2886; baseline 0.007 -27"><span class='ocrx_word' id='word_1_150' title='bbox 286 2796 423 2859; x_wconf 86' lang='lat' dir='ltr'>excludi.</span> <span class='ocrx_word' id='word_1_151' title='bbox 463 2799 570 2863; x_wconf 83' lang='lat' dir='ltr'>Verba</span> <span class='ocrx_word' id='word_1_152' title='bbox 598 2801 709 2863; x_wconf 87' lang='lat' dir='ltr'>litteris</span> <span class='ocrx_word' id='word_1_153' title='bbox 738 2801 897 2863; x_wconf 86' lang='lat' dir='ltr'>inclinatis</span> <span class='ocrx_word' id='word_1_154' title='bbox 918 2823 1066 2883; x_wconf 86' lang='lat' dir='ltr'>expressa</span> <span class='ocrx_word' id='word_1_155' title='bbox 1087 2808 1202 2886; x_wconf 87' lang='lat' dir='ltr'>utique</span> 
     </span>
    </p>

    <p class='ocr_par' dir='ltr' id='par_1_8' title="bbox 250 2911 1203 3342">
     <span class='ocr_line' id='line_1_23' title="bbox 250 2911 1201 2995; baseline 0.005 -21"><span class='ocrx_word' id='word_1_156' title='bbox 250 2934 253 2941; x_wconf 85' lang='grc'><strong>’</strong></span> <span class='ocrx_word' id='word_1_157' title='bbox 287 2911 440 2991; x_wconf 90' lang='lat' dir='ltr'>obscura,</span> <span class='ocrx_word' id='word_1_158' title='bbox 468 2932 505 2977; x_wconf 93' lang='lat' dir='ltr'>ut</span> <span class='ocrx_word' id='word_1_159' title='bbox 533 2918 714 2981; x_wconf 84' lang='lat' dir='ltr'>Caelium</span> <span class='ocrx_word' id='word_1_160' title='bbox 736 2917 777 2978; x_wconf 91' lang='lat' dir='ltr'>de</span> <span class='ocrx_word' id='word_1_161' title='bbox 798 2918 958 2979; x_wconf 88' lang='lat' dir='ltr'>vermibus</span> <span class='ocrx_word' id='word_1_162' title='bbox 980 2917 1201 2995; x_wconf 88' lang='lat' dir='ltr'>cucurbitinis,</span> 
     </span>
     <span class='ocr_line' id='line_1_24' title="bbox 287 3025 1203 3112; baseline 0.005 -24"><span class='ocrx_word' id='word_1_163' title='bbox 287 3025 397 3110; x_wconf 86' lang='lat' dir='ltr'>quales</span> <span class='ocrx_word' id='word_1_164' title='bbox 423 3035 547 3112; x_wconf 90' lang='lat' dir='ltr'>posteri</span> <span class='ocrx_word' id='word_1_165' title='bbox 573 3032 738 3110; x_wconf 84' lang='lat' dir='ltr'>finxerint,</span> <span class='ocrx_word' id='word_1_166' title='bbox 773 3048 886 3094; x_wconf 89' lang='lat' dir='ltr'>mutuo</span> <span class='ocrx_word' id='word_1_167' title='bbox 915 3033 976 3093; x_wconf 87' lang='lat' dir='ltr'>sibi</span> <span class='ocrx_word' id='word_1_168' title='bbox 1010 3038 1142 3097; x_wconf 82' lang='lat' dir='ltr'>annexis</span> <span class='ocrx_word' id='word_1_169' title='bbox 1170 3048 1203 3094; x_wconf 89' lang='lat' dir='ltr'>et</span> 
     </span>
     <span class='ocr_line' id='line_1_25' title="bbox 285 3138 1201 3230; baseline 0.009 -27"><span class='ocrx_word' id='word_1_170' title='bbox 285 3138 350 3204; x_wconf 73' lang='lat' dir='ltr'>h&#39;oc</span> <span class='ocrx_word' id='word_1_171' title='bbox 370 3146 468 3207; x_wconf 86' lang='lat' dir='ltr'>modo</span> <span class='ocrx_word' id='word_1_172' title='bbox 480 3149 635 3225; x_wconf 83' lang='lat' dir='ltr'>Taeniarn</span> <span class='ocrx_word' id='word_1_173' title='bbox 656 3147 934 3230; x_wconf 87' lang='lat' dir='ltr'>componentibus,</span> <span class='ocrx_word' id='word_1_174' title='bbox 955 3147 1101 3208; x_wconf 88' lang='lat' dir='ltr'>locutum</span> <span class='ocrx_word' id='word_1_175' title='bbox 1120 3169 1201 3226; x_wconf 86' lang='lat' dir='ltr'>esse,</span> 
     </span>
     <span class='ocr_line' id='line_1_26' title="bbox 285 3263 653 3342; baseline 0.014 -23"><span class='ocrx_word' id='word_1_176' title='bbox 285 3263 424 3339; x_wconf 89' lang='lat' dir='ltr'>suspicio</span> <span class='ocrx_word' id='word_1_177' title='bbox 445 3264 525 3320; x_wconf 88' lang='lat' dir='ltr'>oriri</span> <span class='ocrx_word' id='word_1_178' title='bbox 543 3266 653 3342; x_wconf 89' lang='lat' dir='ltr'>possit.</span> 
     </span>
    </p>

    <p class='ocr_par' dir='ltr' id='par_1_9' title="bbox 195 3374 1203 3689">
     <span class='ocr_line' id='line_1_27' title="bbox 195 3374 1203 3462; baseline 0.006 -29"><span class='ocrx_word' id='word_1_179' title='bbox 195 3422 198 3427; x_wconf 94' lang='lat'>.</span> <span class='ocrx_word' id='word_1_180' title='bbox 245 3380 295 3456; x_wconf 81' lang='lat'>98.</span> <span class='ocrx_word' id='word_1_181' title='bbox 309 3374 406 3434; x_wconf 82' lang='lat' dir='ltr'>Alex</span> <span class='ocrx_word' id='word_1_182' title='bbox 416 3376 531 3436; x_wconf 84' lang='lat' dir='ltr'>andri</span> <span class='ocrx_word' id='word_1_183' title='bbox 539 3377 692 3440; x_wconf 86' lang='lat' dir='ltr'>Tralliani</span> <span class='ocrx_word' id='word_1_184' title='bbox 701 3379 741 3440; x_wconf 89' lang='lat' dir='ltr'>de</span> <span class='ocrx_word' id='word_1_185' title='bbox 751 3377 914 3439; x_wconf 89' lang='lat' dir='ltr'>lumbricis</span> <span class='ocrx_word' id='word_1_186' title='bbox 924 3377 1072 3458; x_wconf 87' lang='lat' dir='ltr'>epistola,</span> <span class='ocrx_word' id='word_1_187' title='bbox 1083 3399 1203 3462; x_wconf 76' lang='lat' dir='ltr'>graece</span> 
     </span>
     <span class='ocr_line' id='line_1_28' title="bbox 287 3487 1202 3568; baseline 0.003 -17"><span class='ocrx_word' id='word_1_188' title='bbox 287 3504 321 3555; x_wconf 87' lang='lat' dir='ltr'>et</span> <span class='ocrx_word' id='word_1_189' title='bbox 339 3487 436 3549; x_wconf 89' lang='lat' dir='ltr'>latine</span> <span class='ocrx_word' id='word_1_190' title='bbox 448 3511 486 3550; x_wconf 88' lang='lat' dir='ltr'>ex</span> <span class='ocrx_word' id='word_1_191' title='bbox 500 3492 707 3554; x_wconf 88' lang='lat' dir='ltr'>translatione</span> <span class='ocrx_word' id='word_1_192' title='bbox 729 3494 894 3555; x_wconf 86' lang='lat' dir='ltr'>Hieron.</span> <span class='ocrx_word' id='word_1_193' title='bbox 915 3493 1202 3568; x_wconf 87' lang='lat' dir='ltr'>Mercurialis,</span> 
     </span>
     <span class='ocr_line' id='line_1_29' title="bbox 287 3602 1203 3689; baseline 0.003 -24"><span class='ocrx_word' id='word_1_194' title='bbox 287 3603 373 3665; x_wconf 86' lang='lat' dir='ltr'>edita</span> <span class='ocrx_word' id='word_1_195' title='bbox 395 3625 467 3664; x_wconf 88' lang='lat' dir='ltr'>cum</span> <span class='ocrx_word' id='word_1_196' title='bbox 487 3602 578 3686; x_wconf 88' lang='lat' dir='ltr'>hujus</span> <span class='ocrx_word' id='word_1_197' title='bbox 599 3612 693 3671; x_wconf 86' lang='lat' dir='ltr'>variis</span> <span class='ocrx_word' id='word_1_198' title='bbox 721 3607 922 3670; x_wconf 85' lang='lat' dir='ltr'>lectionibus.</span> <span class='ocrx_word' id='word_1_199' title='bbox 974 3611 1090 3669; x_wconf 85' lang='lat' dir='ltr'>Venet.</span> <span class='ocrx_word' id='word_1_200' title='bbox 1116 3618 1203 3689; x_wconf 79' lang='lat'><strong>¹570·</strong></span> 
     </span>
    </p>
   </div>
   <div class='ocr_carea' id='block_1_3' title="bbox 284 3717 1203 3811">
    <p class='ocr_par' dir='ltr' id='par_1_10' title="bbox 284 3717 1203 3811">
     <span class='ocr_line' id='line_1_30' title="bbox 284 3717 1203 3811; baseline 0.002 -29"><span class='ocrx_word' id='word_1_201' title='bbox 284 3717 474 3803; x_wconf 49' lang='lat' dir='ltr'>jisHaller.</span> <span class='ocrx_word' id='word_1_202' title='bbox 488 3718 596 3809; x_wconf 78' lang='lat' dir='ltr'>plagg.</span> <span class='ocrx_word' id='word_1_203' title='bbox 611 3721 863 3803; x_wconf 15' lang='lat' dir='ltr'>aissuoehmer.</span> <span class='ocrx_word' id='word_1_204' title='bbox 877 3733 961 3810; x_wconf 82' lang='lat'>1571·</span> <span class='ocrx_word' id='word_1_205' title='bbox 974 3724 1203 3811; x_wconf 87' lang='lat' dir='ltr'>Dryander.</span> 
     </span>
    </p>
   </div>
   <div class='ocr_carea' id='block_1_4' title="bbox 0 0 1246 4642">
    <p class='ocr_par' dir='ltr' id='par_1_11' title="bbox 0 0 1246 4642">
     <span class='ocr_line' id='line_1_31' title="bbox 0 0 1246 4642; baseline 0 0"><span class='ocrx_word' id='word_1_206' title='bbox 0 0 1246 4642; x_wconf 95' lang='lat' dir='ltr'> </span> 
     </span>
    </p>
   </div>
  </div>
 </body>
</html>
