2446 4644
169 203 227 243 212

169 356 237 401 tum
257 336 367 411 trabit,
392 336 482 397 unde
501 339 569 397 ovis
587 337 689 396 iarcta
708 356 807 418 saepe
825 341 1102 425 elegantissimepi

168 469 233 527 cta,
250 473 347 512 venas
369 451 529 513 caeruleas
550 466 583 510 et
600 471 798 531 purpureas,
818 444 1034 541 maculasque
1050 462 1101 521 vui

164 569 284 631 coloris
303 569 406 626 varias
427 562 586 639 offerunt,
606 568 746 649 virginea
763 586 841 629 vcro
862 586 923 631 eut
942 587 1044 653 partu
1059 572 1113 634 edi·

165 696 203 745 tc
224 680 375 744 decolora
393 682 609 760 reperiuntur.
632 716 656 725 ·-

244 800 358 879 Aquae
376 797 404 854 si
420 797 651 867 immittuntur,
670 795 818 857 Entozoa
837 812 995 861 contente
1015 800 1099 863 cute

164 935 202 976 re
221 930 347 991 semper
362 909 516 988 dejiciunt
535 924 567 968 et
587 909 713 969 colores
732 911 892 989 perdunt,
912 916 1096 997 viniqnerpi·

163 1034 231 1091 ritu
248 1023 456 1109 postmodum
476 1038 660 1083 conservata
685 1024 823 1104 plurima
846 1031 977 1107 pariter
996 1030 1094 1091 decolo

163 1164 201 1206 ra
220 1154 368 1213 manent,
387 1152 425 1198 ut
443 1137 652 1197 iuscesccntia
672 1142 811 1218 quaein
831 1141 955 1203 eodem
974 1148 1092 1227 repetis,

161 1258 353 1343 plerumque
370 1272 440 1314 non
459 1255 533 1320 satis
553 1250 609 1311 diu
626 1255 662 1311 in
681 1272 765 1332 aqua
781 1257 892 1332 posita
899 1236 913 1327 ,¹
930 1276 997 1319 nec
1016 1278 1090 1320 ant

164 1394 205 1435 co
226 1370 437 1450 sordibusque
457 1364 568 1427 debito
587 1366 688 1427 modo
708 1366 841 1428 liberata
859 1368 997 1433 fuerint.
1017 1372 1089 1455 Quat

119 1518 123 1523 ·
163 1490 240 1553 dam
259 1500 367 1547 tumen
395 1485 480 1542 inter
507 1480 620 1560 eadem
648 1480 828 1543 differentia
854 1483 1003 1565 obtinet,
1026 1491 1086 1549 sice

163 1602 332 1667 cTaenia
350 1595 529 1659 lanceolata
548 1595 676 1659 nodosa
693 1580 871 1658 ΒΙοοΗίο
893 1600 995 1677 dicta,
1013 1604 1086 1663 omi

159 1715 431 1807 nigrescentia
384 1711 453 1771 fere
472 1730 600 1790 semper
620 1724 792 1771 conservat.
839 1712 968 1776 Taenia
987 1732 1084 1837 pun‘cte

158 1847 193 1895 tu
212 1835 251 1891 iu
267 1831 363 1889 Cotto
378 1827 514 1906 Scorpio
536 1824 787 1885 etPlcuronecte
805 1831 952 1891 maximo
971 1792 1082 1917 inquld

158 1961 208 2007 ter
218 1940 362 2003 mihimet
374 1940 479 2015 obvia,
499 1942 578 2001 dum
593 1943 764 2019 reperitur,
776 1960 905 2021 semper
919 1943 1004 2023 alba,
1014 1966 1081 2031 ψ

159 2074 267 2122 autem
292 2059 452 2129 immissu,
480 2054 584 2125 brevi.
598 2059 781 2133 ovariorunt
795 2055 963 2137 calorem
989 2067 1079 2147 nigri·

156 2174 350 2237 nanciscitur
369 2170 574 2250 eundemque
593 2189 773 2239 conservem
794 2173 898 2253 quid?
919 2176 1010 2257 quod
1024 2176 1078 2238 colo

156 2308 226 2350 rem
245 2290 342 2347 istum
361 2304 459 2364 saepe
484 2298 559 2363 post
576 2288 692 2344 vermis
713 2285 843 2345 demum
863 2304 1004 2351 mortem
1021 2292 1075 2359 otti.
1108 2310 1113 2386 ί

156 2406 196 2464 0.
216 2403 267 2465 Fr.
288 2399 435 2460 Miller
466 2398 728 2473 (Naturforscher
746 2401 834 2462 XIV.
852 2425 888 2485 p.
910 2415 996 2488 ¹¹i7·)
1021 2420 1075 2469 rute

72 2527 73 2530 ’
156 2517 343 2577 observavit.
422 2528 426 2533 '

234 2629 283 2690 Cl.
309 2628 495 2704 Chabert,
523 2627 657 2689 Scholae
684 2635 894 2696 veterinariae
925 2637 1071 2699 Alforteut

153 2748 319 2815 Director,
340 2744 381 2802 de
402 2742 561 2802 vermibus
584 2744 781 2825 colloquium
801 2767 930 2809 mecum
947 2751 1070 2821 habendo,

152 2859 251 2921 hosce
270 2861 461 2941 generatim,
482 2861 646 2937 speciatim
660 2879 736 2919 vero
752 2861 891 2923 Taenias
910 2869 948 2926 in
966 2868 1068 2946 subject

153 2973 304 3050 debiliori
338 2972 538 3033 candidiores
568 2975 700 3051 reperiri
732 2980 880 3050 asseruit,
916 2982 1004 3061 quod
1029 2979 1067 3041 tid

151 3088 392 3169 dijudicandum
411 3086 574 3167 relinquo;
595 3107 614 3146 a
632 3091 747 3147 vermis
761 3103 877 3165 tamen,
901 3114 996 3176 quam
1013 3095 1066 3157 abt·

149 3203 292 3277 nimalis,
313 3206 347 3261 in
368 3220 435 3282 quo
455 3205 552 3259 vitam
574 3201 711 3287 degerit,
739 3202 906 3268 debilitate
924 3208 1063 3289 postue
1093 3196 1113 3236 ζ

148 3323 301 3389 rivarem,
322 3319 348 3375 si
368 3313 446 3373 haec
467 3313 506 3372 ad
526 3335 594 3374 rem
613 3315 696 3375 fucit.

225 3431 271 3491 Ex
288 3431 395 3503 dictis,
421 3429 640 3488 Eutozoorum
659 3448 720 3491 nec
737 3431 890 3512 epithelio
903 3443 1060 3524 pigmm
1087 3418 1112 3475 ἐὺ·

146 3546 329 3631 quoddam,
350 3546 436 3602 muci
454 3543 490 3600 M
498 3541 683 3625 alpighii
703 3545 762 3606 sub
784 3553 908 3628 specie,
931 3557 1010 3629 addi,
1024 3566 1057 3613 ια

146 3663 238 3723 fibras
268 3662 345 3722 cutis
374 3657 570 3718 musculosus
599 3657 732 3736 rubere,
762 3682 823 3724 nee
855 3674 936 3730 vasis
955 3666 1055 3753 propri
1084 3646 1113 3679 ’
