2476 4642
84 160 87 165 ’
109 194 178 246 1111
641 244 667 275 Α
701 234 704 247 .
808 268 814 297 .-
854 199 861 207 ·
1105 202 1117 275 t

112 324 242 449 logice
278 346 391 422 horas
422 344 641 421 subsecivas
673 348 838 440 sacravi,
876 346 970 460 legi,
988 345 1075 422 iere
1110 344 1117 375 ²

97 503 256 591 comnia,
284 520 387 597 quae
413 495 464 571 de
482 486 661 589 ⁴entozois
685 495 765 597 legi
780 513 991 588 merentur,
1016 499 1078 599 uti

115 670 166 755 etr
193 643 383 719 librorum
412 645 545 721 indice
579 671 603 718 a
641 669 705 719 me
743 644 876 720 ohlato
897 626 1074 746 patebit,
1098 606 1117 737 ’ᾗέ

115 793 296 870 animalia.
321 793 424 869 bene
448 794 585 909 multa,
626 815 731 871 certe
765 795 916 898 aliquot
938 772 1075 890 millia,
1113 820 1117 829 ·

114 949 302 1022 vermium
323 911 638 1045 indagandorum
665 970 799 1020 caussa
823 948 970 1045 aperui,
1003 946 1078 1020 ho-

67 1156 71 1163 .
115 1119 509 1205 rumqueflnumerum
535 1095 677 1196 collegi
705 1119 788 1168 non
816 1102 1077 1185 contemnem,-

75 1278 77 1285 ·
117 1244 221 1322 dum.
275 1248 383 1349 Opus
422 1263 571 1340 tamen,
611 1244 717 1349 quod
746 1244 823 1340 jam
858 1241 1089 1335 lectoribus¹

113 1397 245 1489 trado,
283 1413 327 1466 ut
362 1393 569 1492 perfectius
608 1394 852 1484 redderetur,
896 1376 1006 1466 aliud
1030 1398 1076 1469 in

57 1513 60 1517 ,
114 1563 264 1651 tempus
292 1542 509 1637 differrem,
541 1548 614 1617 nisi
641 1542 785 1643 duplex
808 1546 907 1615 ratio
935 1544 1077 1618 editio·

114 1710 206 1796 nem
230 1694 470 1795 postulasset.
501 1698 637 1792 Quae
671 1692 721 1767 de
755 1689 948 1766 vermibus
970 1695 1076 1768 'inte-

114 1842 313 1919 stinalibus
340 1850 445 1919 enim
468 1844 657 1951 hactenus
687 1842 932 1932 innotuere‚'
953 1839 1076 1941 pluri-
1106 1872 1111 1879 ·

113 1998 185 2067 mis
212 2020 294 2068 non
319 1994 441 2067 solum
473 1990 516 2068 111
548 1986 694 2094 scriptis
726 1994 870 2090 passim
901 1989 1074 2091 dispersa

32 2223 33 2226 ,
114 2161 214 2233 sunt,
240 2160 282 2215 ut
307 2162 469 2232 naturae
487 2160 716 2218 scrutatores
735 2136 924 2236 iuniores,
950 2138 1073 2243 medi·

76 2318 81 2323 ·
117 2296 235 2395 cique
259 2295 422 2395 practici
452 2292 579 2367 fontes
610 2286 708 2366 istos
730 2269 902 2365 adeundi
928 2314 1074 2390 oppor-

114 2448 278 2516 tunitate
307 2458 479 2535 careant,
517 2442 587 2518 sed
618 2463 753 2516 omnes
784 2439 868 2514 iere
897 2436 1072 2513 melioris

113 2607 233 2662 notae
257 2589 345 2662 libri
369 2582 704 2692 helminth'ologici
729 2591 858 2693 lingua
880 2572 1072 2686 germani-

115 2763 161 2812 ca
189 2745 398 2841 conscripti
423 2761 528 2832 suut,
571 2732 614 2813 ut
640 2763 742 2841 quae
766 2737 921 2841 reliquis
947 2734 1074 2811 histo·

113 2870 196 2961 riae
220 2888 401 2961 naturalis
415 2889 586 2992 partibus
608 2914 656 2962 ex
671 2905 872 2984 systemate
888 2910 1072 2965 sermone

111 3033 233 3109 latino
262 3043 482 3138 conscripto
512 3039 655 3112 cedant
689 3032 929 3128 commoda,¹
960 3054 1072 3110 ento·

112 3184 319 3285 aoologi'ae
345 3186 536 3286 denegata
560 3186 721 3275 fuerint,
759 3154 962 3286 exterique
988 3182 1071 3296 edi-

111 3299 220 3408 tione
245 3339 456 3430 systematis
474 3341 686 3410 Linnaetmi
707 3334 965 3426 Gmeliniant,
984 3340 1072 3432 pes·

111 3482 335 3576 siriatico,
361 3463 840 3588 innumerisquescatente
860 3478 1070 3601 erroribus,
1103 3466 1108 3471 ’

110 3632 351 3727 potissimum
376 3652 418 3707 ut
441 3630 524 3708 fere
549 3632 631 3707 sola
656 3652 823 3708 utantur.
877 3635 988 3732 Opus
1015 3655 1071 3705 er-
