2446 4644
934 216 1007 295 xps

101 396 148 446 no
172 391 331 473 parcus,
362 363 588 465 phantasiae
616 382 671 436 ne
694 363 808 437 nimis
833 364 1008 473 indulge.¹

101 548 145 614 nt
164 537 419 616 ¹summopere
440 514 628 606 cavendo,
656 537 759 616 quae
775 539 886 611 vera,.
905 546 1009 622 quae

101 672 172 746 tbia
191 667 288 742 mihi
310 669 497 759 visasint,
525 663 712 739 candidus
725 665 906 759 indicavi,
925 696 1009 745 non

101 827 158 897 rim
180 841 296 913 meae
320 812 520 916 gloriolae,
552 812 624 887 sed
653 818 841 890 scientiae
866 844 1007 921 augen—
1062 860 1076 877 ι

101 996 132 1047 te
155 993 290 1046 caussa
307 966 452 1065 scripsi.
502 965 756 1065 IpseSuecus,
778 967 1039 1061 etHolmiae'

101 1121 226 1212 tidem,
252 1116 323 1191 sed
347 1116 568 1239 parentibus
585 1115 787 1191 Germanis
799 1138 922 1214 natus,
938 1088 1011 1198 sed

101 1296 156 1345 rer
176 1272 372 1371 septennis
393 1272 435 1343 in
452 1269 701 1341 Germaniam
718 1266 879 1362 delatus,
905 1269 1011 1349 hunc

101 1425 220 1494 atriam
245 1416 405 1491 alteram
431 1440 621 1517 agnosco,
656 1436 696 1491 et
729 1416 840 1511 hujus
867 1420 1011 1495 eodem
1046 1450 1049 1455 ¹

101 1570 293 1650 :Succiee
325 1590 457 1641 amore
485 1565 623 1667 flagro,
667 1587 823 1643 utnon
852 1575 1009 1671 possim,

102 1724 170 1812 tin,
207 1737 370 1791 naturae
400 1736 656 1791 scrutatorum
678 1719 1010 1796 ·Germanicomm

102 1874 251 1944 niorum
286 1867 556 1969 phantasmata
597 1873 828 1943 sectantium
869 1875 1040 1973 scripta'

102 2017 630 2116 omachosajetstrepitantia
648 2022 836 2094 scientiae
860 2027 1012 2095 ruinam

102 2146 216 2260 trare,
253 2185 293 2241 et
327 2170 526 2267 antiquam
557 2168 793 2242 Germaniae
829 2169 1013 2270 simplicis

102 2318 236 2418 ioquin
252 2304 414 2416 verique
428 2313 729 2388 studiosissimae
746 2314 904 2389 laudem
923 2343 1015 2392 con·
1062 2336 1072 2345 ·’

102 2488 235 2540 emnere
255 2483 294 2537 ct
310 2466 552 2557 imminuere,
576 2487 824 2564 summopere
847 2465 1014 2563 doleam.
1120 2556 1123 2561 ¹
1177 2452 1181 2459 ¹

102 2617 134 2689 is
156 2612 394 2714 displicuisse
419 2637 557 2689 amem.

109 2832 113 2837 .
158 2765 251 2837 Pars'
274 2768 388 2839 tertia
412 2766 493 2838 sive
515 2763 810 2866 Encozoologia
830 2770 1015 2865 practico

102 2912 261 2988 toundae
284 2917 469 3006 innititur,
497 2931 536 2988 et
553 2910 802 3014 pathologiae
818 2939 1017 3015 compara·

103 3082 145 3152 te,
167 3087 294 3165 quam,
321 3066 354 3138 si
368 3068 467 3138 vires
490 3060 627 3156 ferant,
654 3062 812 3143 taudem
829 3067 1017 3163 integram
1095 3128 1103 3141 .

103 3190 253 3308 ractabo,
278 3217 480 3314 specimen
505 3216 689 3288 continet.

167 3364 339 3441 Alterum
354 3388 448 3440 vero
465 3360 660 3454 volumen,
684 3334 916 3462 propediem
934 3383 1021 3460 pre·

103 3498 126 3581 b
144 3513 431 3613 subjiciendum,
456 3517 644 3588 vermium
667 3509 939 3585 intestinalium
959 3534 1022 3610 ge-

103 3672 168 3738 fleta
177 3684 213 3742 et
223 3670 376 3768 species
396 3660 649 3761 enumerabit,
669 3663 804 3745 harum
823 3656 1023 3761 descripti·
