2446 4644
152 356 251 441 affigi,
271 374 377 439 neque
399 376 437 417 ex
454 332 573 417 eodem
591 352 686 415 ovula
701 352 755 415 edi
772 324 984 417 observemus.
1009 354 1059 419 lite
1085 380 1118 428 tut

150 492 240 555 poue
261 491 379 551 porum
408 470 529 531 dictum
551 468 602 530 vel
622 473 658 530 in
684 490 838 559 acervum
858 466 1056 553 congesturi
1083 484 1118 543 m,

150 591 187 647 in
205 607 352 647 racemos
379 582 529 645 laterales
551 583 719 645 distributa
747 598 841 659 sunt,
868 586 915 647 ita
935 564 1054 663 utmalut
1081 594 1110 657 h,

152 716 186 761 et
206 716 330 761 matura
352 704 561 773 anteriorem,
583 698 708 779 reliqua
726 700 945 779 posteriorem
962 701 1052 779 corpori
1079 712 1114 770 ciffi

151 815 260 876 locum
287 814 348 875 eibi
374 816 553 885 vindicent;
591 819 626 875 in
646 812 840 897 quibusdam
859 810 1051 895 speciebus*
1078 842 1117 885 ut,

154 928 245 989 culae
278 934 423 1010 corporis
451 949 539 1010 pone
559 950 678 1012 porum
698 926 936 991 subventralem
954 930 1052 1009 coruli·
1097 964 1115 999 a

154 1059 254 1103 untur
274 1044 325 1104 vel
347 1065 470 1125 opacae
489 1044 542 1106 vel
561 1043 762 1126 pellucidae,
794 1042 886 1103 unde
906 1040 1047 1123 speculem
1078 1054 1117 1113 'ut

153 1174 276 1219 nomeu
308 1158 348 1218 ab
378 1160 560 1220 auctoribus
584 1162 621 1221 iie
648 1160 856 1239 impositum,
888 1176 966 1239 quee
985 1154 1046 1217 itit·
1077 1168 1116 1229 tia.

154 1291 216 1350 pro
240 1276 536 1353 ovariorumparte
556 1258 726 1333 hab'endae
746 1286 831 1347 sunt,
853 1273 967 1333 eterit
1078 1300 1116 1343 221,

147 1389 223 1445 *rive
244 1408 380 1464 vacuae,
411 1387 596 1469 pellucidae
617 1386 705 1448 fiunt
746 1378 831 1449 Arite
845 1362 963 1468 lpertun
977 1398 1046 1445 run
1079 1396 1116 1458 'it-j}

155 1499 221 1560 lem
249 1502 404 1581 spiculum
439 1506 559 1564 eminet
566 1548 594 1578 ,.„
615 1506 681 1563 sive
710 1504 809 1564 cirnis
844 1502 883 1563 Ο.
916 1498 1046 1561 Fabricii
1080 1504 1116 1573 effi,

156 1616 276 1695 (Faun.
299 1616 497 1678 Groenland.
527 1640 558 1700 p.
575 1594 700 1690 328Jin
719 1616 865 1680 Fasciole
884 1608 1046 1697 hepatiqu

157 1745 245 1805 ctus,
273 1731 402 1793 tubulus
425 1748 528 1809 teres,
555 1732 741 1809 retractilis,
767 1736 877 1795 variae
895 1726 1046 1815 longitud&

157 1848 191 1907 in
211 1847 255 1906 D.
278 1850 408 1906 cirrose
434 1845 514 1907 mihi
535 1848 624 1909 dicto
646 1848 799 1909 Tab.v1.
828 1848 897 1933 Fig.
916 1866 944 1907 2.
963 1840 1046 1925 leigii
1110 1905 1113 1915 .

157 1982 246 2037 mus,
274 1963 466 2043 plerumque
494 1962 672 2041 flexuosus,
703 1968 830 2047 saepius
860 1965 948 2045 apice
963 1964 1047 2021 atem
1085 1978 1107 2027 tt

157 2075 356 2150 rotundato,
394 2074 492 2138 veluti
518 2077 636 2162 glande
664 2082 816 2162 insignis,
853 2078 893 2139 Ο.
919 2066 1046 2136 Febritit
1086 2092 1113 2143 τέ.

159 2189 196 2268 (l.
219 2194 263 2273 c.)
284 2192 447 2252 interdum
468 2196 638 2255 uncinatus
656 2197 753 2269 visus,
774 2192 877 2276 quelle
890 2183 1048 2255 necnffiffl
1107 2222 1115 2259 t

160 2302 293 2386 reliquis
324 2309 507 2369 auctoribus
535 2312 692 2387 apparuit.
738 2292 832 2370 Hanc
857 2323 971 2389 partem
989 2300 1049 2361 Get·
1089 2328 1113 2374 u

159 2424 246 2479 zius
277 2421 406 2482 alterius
434 2423 589 2483 individui
615 2445 700 2504 poro
721 2425 860 2486 ventrali
887 2410 1050 2485 immutanti
1090 2440 1107 2483 tx:

161 2534 226 2609 dit,
263 2537 406 2617 ideoque
433 2558 551 2618 penem
582 2558 639 2601 seu
660 2539 801 2623 genitale
829 2537 1050 2601 masculine*
1096 2558 1108 2615 3:

161 2669 249 2722 vere,
272 2671 335 2729 qua
357 2668 464 2713 autem
485 2672 566 2712 voce
586 2657 633 2713 uti
653 2653 832 2734 noluerim,
853 2678 925 2719 cum
943 2644 1051 2713 ,ljoetlu

162 2764 262 2820 cirrus
284 2768 418 2843 negotio
440 2765 610 2852 fungatur,
640 2786 673 2831 et
692 2770 789 2832 ovula
809 2770 869 2832 sub
888 2785 975 2852 partu
988 2772 1053 2825 tite

162 2880 255 2955 apice
276 2876 399 2953 fundat,
422 2882 512 2961 quod
532 2883 677 2963 plurimis
700 2902 732 2946 et
752 2884 832 2946 mihi
850 2873 1054 2969 quoquetetp'ml
1097 2890 1114 2940 ’.ῑέ

162 2991 272 3053 videre
293 2998 435 3076 contigit.
472 2999 580 3078 Prope
604 3003 678 3059 cirri
698 2999 790 3061 basin
809 2980 1055 3077 maculasaepevi
1099 3012 1112 3047 2⁶

162 3127 255 3165 scura
284 3107 335 3166 vel
363 3129 479 3189 corpus
507 3111 687 3175 orbiculare
717 3120 930 3195 conspicitur,
962 3102 1057 3195 quode
1101 3104 1112 3165 ¹¹2

161 3220 320 3279 Zederi
342 3224 559 3308 (Naturgesch.
581 3250 614 3308 p.
635 3236 712 3312 177.)
735 3234 918 3310 conjectura
941 3228 1059 3296 vasatpll·
1103 3240 1112 3277 ³·

161 3339 276 3395 metica
305 3341 465 3414 continet,
495 3339 547 3401 vel
579 3339 696 3405 herum
723 3346 836 3405 forsan
862 3349 963 3407 vicem
980 3326 1061 3417 suppli
1106 3358 1110 3389 ἱ

163 3448 241 3509 mihi
263 3467 369 3510 autem
391 3457 466 3512 cirri
481 3460 617 3516 'retracti
637 3459 879 3538 receptaculum
899 3460 1023 3527 videtur,
1037 3458 1064 3501 tt
1108 3494 1111 3501 ·

163 3558 212 3619 lut
232 3568 318 3623 enim
340 3585 456 3631 erucae
470 3569 642 3651 Papilionis
659 3572 848 3639 Machaonis
861 3571 1066 3647 tentaculum*
1111 3582 1113 3589 ⁴

165 3678 257 3738 sione
287 3680 427 3761 quadam
456 3685 630 3747 accedente
657 3684 752 3749 facile
780 3710 819 3751 ex
846 3682 1031 3773 receptaculo
1044 3694 1069 3735 ⁶¹·
