<?xml version="1.0" encoding="UTF-8"?>
<!DOCTYPE html PUBLIC "-//W3C//DTD XHTML 1.0 Transitional//EN"
    "http://www.w3.org/TR/xhtml1/DTD/xhtml1-transitional.dtd">
<html xmlns="http://www.w3.org/1999/xhtml" xml:lang="en" lang="en">
 <head>
  <title>
</title>
<meta http-equiv="Content-Type" content="text/html;charset=utf-8" />
  <meta name='ocr-system' content='tesseract 3.04.00' />
  <meta name='ocr-capabilities' content='ocr_page ocr_carea ocr_par ocr_line ocrx_word'/>
</head>
<body>
  <div class='ocr_page' id='page_1' title='image "./entozoorumsivev02rudogoog_0342.png"; bbox 0 0 2476 4642; ppageno 0'>
   <div class='ocr_carea' id='block_1_1' title="bbox 132 250 1134 1630">
    <p class='ocr_par' dir='ltr' id='par_1_1' title="bbox 132 250 1128 941">
     <span class='ocr_line' id='line_1_1' title="bbox 966 250 1090 329; baseline -0.008 -56"><span class='ocrx_word' id='word_1_1' title='bbox 966 268 969 273; x_wconf 85' lang='lat'>.</span> <span class='ocrx_word' id='word_1_2' title='bbox 1020 250 1090 329; x_wconf 71' lang='lat'><strong>&#39;319</strong></span> 
     </span>
     <span class='ocr_line' id='line_1_2' title="bbox 138 368 1089 485; baseline 0.001 -21"><span class='ocrx_word' id='word_1_3' title='bbox 138 392 276 485; x_wconf 75' lang='lat' dir='ltr'><strong>replere,</strong></span> <span class='ocrx_word' id='word_1_4' title='bbox 297 376 376 460; x_wconf 73' lang='lat' dir='ltr'><strong>inele</strong></span> <span class='ocrx_word' id='word_1_5' title='bbox 396 376 638 481; x_wconf 39' lang='lat' dir='ltr'><strong>h&#39;unc&#39;quoque</strong></span> <span class='ocrx_word' id='word_1_6' title='bbox 652 393 701 477; x_wconf 71' lang='lat' dir='ltr'><strong>ab</strong></span> <span class='ocrx_word' id='word_1_7' title='bbox 723 392 937 459; x_wconf 77' lang='lat' dir='ltr'><strong>antecedente</strong></span> <span class='ocrx_word' id='word_1_8' title='bbox 957 368 1089 465; x_wconf 79' lang='lat' dir='ltr'><strong>tandem</strong></span> 
     </span>
     <span class='ocr_line' id='line_1_3' title="bbox 139 487 1128 596; baseline 0.002 -17"><span class='ocrx_word' id='word_1_9' title='bbox 139 516 207 580; x_wconf 74' lang='lat' dir='ltr'><strong>aelii</strong></span> <span class='ocrx_word' id='word_1_10' title='bbox 227 532 262 578; x_wconf 87' lang='lat' dir='ltr'><strong>et</strong></span> <span class='ocrx_word' id='word_1_11' title='bbox 283 487 464 588; x_wconf 77' lang='lat' dir='ltr'><strong>decedere,</strong></span> <span class='ocrx_word' id='word_1_12' title='bbox 501 518 579 596; x_wconf 88' lang='lat' dir='ltr'><strong>quin</strong></span> <span class='ocrx_word' id='word_1_13' title='bbox 600 528 633 575; x_wconf 86' lang='lat' dir='ltr'><strong>et</strong></span> <span class='ocrx_word' id='word_1_14' title='bbox 653 512 747 574; x_wconf 82' lang='lat' dir='ltr'><strong>simul</strong></span> <span class='ocrx_word' id='word_1_15' title='bbox 767 515 891 595; x_wconf 82' lang='lat' dir='ltr'>rumpi,</span> <span class='ocrx_word' id='word_1_16' title='bbox 919 512 956 576; x_wconf 77' lang='grc' dir='ltr'><strong>ιιι</strong></span> <span class='ocrx_word' id='word_1_17' title='bbox 976 515 1090 579; x_wconf 75' lang='lat' dir='ltr'><strong>ovulo·</strong></span> <span class='ocrx_word' id='word_1_18' title='bbox 1124 576 1128 581; x_wconf 91' lang='lat'><em>.</em></span> 
     </span>
     <span class='ocr_line' id='line_1_4' title="bbox 139 608 1088 714; baseline -0.004 -19"><span class='ocrx_word' id='word_1_19' title='bbox 139 652 199 695; x_wconf 84' lang='lat' dir='ltr'><strong>tum</strong></span> <span class='ocrx_word' id='word_1_20' title='bbox 214 608 288 714; x_wconf 57' lang='lat' dir='ltr'><strong>&#39;per</strong></span> <span class='ocrx_word' id='word_1_21' title='bbox 315 628 466 692; x_wconf 82' lang='lat' dir='ltr'><strong>foramen</strong></span> <span class='ocrx_word' id='word_1_22' title='bbox 486 628 663 713; x_wconf 82' lang='lat' dir='ltr'><strong>marginale</strong></span> <span class='ocrx_word' id='word_1_23' title='bbox 683 646 844 689; x_wconf 78' lang='lat' dir='ltr'><strong>secessum</strong></span> <span class='ocrx_word' id='word_1_24' title='bbox 856 640 933 691; x_wconf 75' lang='lat' dir='ltr'><strong>‘tum</strong></span> <span class='ocrx_word' id='word_1_25' title='bbox 953 634 1088 691; x_wconf 79' lang='lat' dir='ltr'><strong>omnino</strong></span> 
     </span>
     <span class='ocr_line' id='line_1_5' title="bbox 132 726 1106 833; baseline -0.005 -22"><span class='ocrx_word' id='word_1_26' title='bbox 132 747 331 833; x_wconf 74' lang='grc' dir='ltr'><strong>ΙιιῙιιιιΗιιιιιιι</strong></span> <span class='ocrx_word' id='word_1_27' title='bbox 366 744 578 816; x_wconf 65' lang='lat' dir='ltr'><strong>crediderim</strong></span> <span class='ocrx_word' id='word_1_28' title='bbox 619 728 692 804; x_wconf 80' lang='lat' dir='ltr'><strong>ante</strong></span> <span class='ocrx_word' id='word_1_29' title='bbox 726 743 807 804; x_wconf 83' lang='lat' dir='ltr'><strong>tales</strong></span> <span class='ocrx_word' id='word_1_30' title='bbox 845 748 969 806; x_wconf 82' lang='lat' dir='ltr'><strong>autem‘</strong></span> <span class='ocrx_word' id='word_1_31' title='bbox 988 726 1106 806; x_wconf 78' lang='lat' dir='ltr'><strong>ovarii¹</strong></span> 
     </span>
     <span class='ocr_line' id='line_1_6' title="bbox 140 858 1090 957; baseline -0.005 -32"><span class='ocrx_word' id='word_1_32' title='bbox 140 868 342 957; x_wconf 78' lang='lat' dir='ltr'><strong>nutationes,</strong></span> <span class='ocrx_word' id='word_1_33' title='bbox 370 860 414 922; x_wconf 91' lang='lat' dir='ltr'><strong>ob</strong></span> <span class='ocrx_word' id='word_1_34' title='bbox 437 859 582 941; x_wconf 86' lang='lat' dir='ltr'><strong>ejusdem</strong></span> <span class='ocrx_word' id='word_1_35' title='bbox 604 858 904 939; x_wconf 71' lang='lat' dir='ltr'><strong>complicatIonem,</strong></span> <span class='ocrx_word' id='word_1_36' title='bbox 925 863 994 920; x_wconf 83' lang='lat' dir='ltr'><strong>vix</strong></span> <span class='ocrx_word' id='word_1_37' title='bbox 990 860 1090 920; x_wconf 85' lang='lat' dir='ltr'><strong>undi-</strong></span> 
     </span>
    </p>

    <p class='ocr_par' dir='ltr' id='par_1_2' title="bbox 136 954 1134 1630">
     <span class='ocr_line' id='line_1_7' title="bbox 141 954 1091 1092; baseline -0.008 -50"><span class='ocrx_word' id='word_1_38' title='bbox 141 982 192 1092; x_wconf 79' lang='lat' dir='ltr'><strong>q&#39;ue</strong></span> <span class='ocrx_word' id='word_1_39' title='bbox 219 976 278 1039; x_wconf 82' lang='lat' dir='ltr'><strong>all</strong></span> <span class='ocrx_word' id='word_1_40' title='bbox 291 954 452 1036; x_wconf 79' lang='lat' dir='ltr'><strong>foramina</strong></span> <span class='ocrx_word' id='word_1_41' title='bbox 479 972 669 1056; x_wconf 70' lang='lat' dir='ltr'>marginalia</span> <span class='ocrx_word' id='word_1_42' title='bbox 695 979 808 1034; x_wconf 86' lang='lat' dir='ltr'><strong>venire</strong></span> <span class='ocrx_word' id='word_1_43' title='bbox 834 988 997 1054; x_wconf 88' lang='lat' dir='ltr'><strong>poterunt</strong></span> <span class='ocrx_word' id='word_1_44' title='bbox 1050 972 1091 1043; x_wconf 81' lang='lat' dir='ltr'><strong>ln</strong></span> 
     </span>
     <span class='ocr_line' id='line_1_8' title="bbox 141 1086 1090 1179; baseline -0.005 -23"><span class='ocrx_word' id='word_1_45' title='bbox 141 1097 325 1179; x_wconf 67' lang='lat' dir='ltr'><strong>paucissimisj</strong></span> <span class='ocrx_word' id='word_1_46' title='bbox 363 1111 440 1173; x_wconf 87' lang='lat' dir='ltr'><strong>ergo</strong></span> <span class='ocrx_word' id='word_1_47' title='bbox 469 1104 598 1169; x_wconf 89' lang='lat' dir='ltr'><strong>partum</strong></span> <span class='ocrx_word' id='word_1_48' title='bbox 623 1109 683 1177; x_wconf 87' lang='lat' dir='ltr'><strong>per</strong></span> <span class='ocrx_word' id='word_1_49' title='bbox 713 1088 872 1173; x_wconf 74' lang='lat' dir='ltr'><strong>foramina</strong></span> <span class='ocrx_word' id='word_1_50' title='bbox 898 1086 1090 1173; x_wconf 69' lang='lat' dir='ltr'><strong>marginalia</strong></span> 
     </span>
     <span class='ocr_line' id='line_1_9' title="bbox 144 1200 1090 1284; baseline -0.005 -15"><span class='ocrx_word' id='word_1_51' title='bbox 144 1210 280 1269; x_wconf 80' lang='lat' dir='ltr'><strong>accidere</strong></span> <span class='ocrx_word' id='word_1_52' title='bbox 302 1208 551 1279; x_wconf 88' lang='lat' dir='ltr'><strong>autumaverim,</strong></span> <span class='ocrx_word' id='word_1_53' title='bbox 594 1200 626 1264; x_wconf 85' lang='lat' dir='ltr'><strong>et</strong></span> <span class='ocrx_word' id='word_1_54' title='bbox 647 1206 688 1264; x_wconf 92' lang='lat' dir='ltr'><strong>de</strong></span> <span class='ocrx_word' id='word_1_55' title='bbox 709 1209 778 1284; x_wconf 81' lang='lat' dir='ltr'><strong>ipsa</strong></span> <span class='ocrx_word' id='word_1_56' title='bbox 805 1203 955 1264; x_wconf 88' lang='lat' dir='ltr'><strong>Goezii</strong></span> <span class='ocrx_word' id='word_1_57' title='bbox 978 1202 1090 1264; x_wconf 80' lang='lat' dir='ltr'><strong>obser·</strong></span> 
     </span>
     <span class='ocr_line' id='line_1_10' title="bbox 142 1296 1092 1403; baseline -0.002 -20"><span class='ocrx_word' id='word_1_58' title='bbox 142 1328 321 1383; x_wconf 81' lang='lat' dir='ltr'><strong>tationeeo</strong></span> <span class='ocrx_word' id='word_1_59' title='bbox 341 1323 441 1403; x_wconf 84' lang='lat' dir='ltr'><strong>magis</strong></span> <span class='ocrx_word' id='word_1_60' title='bbox 464 1304 579 1379; x_wconf 80' lang='lat' dir='ltr'><strong>dubius</strong></span> <span class='ocrx_word' id='word_1_61' title='bbox 601 1296 689 1394; x_wconf 82' lang='lat' dir='ltr'><strong>eum,</strong></span> <span class='ocrx_word' id='word_1_62' title='bbox 711 1337 776 1399; x_wconf 86' lang='lat' dir='ltr'><strong>quo</strong></span> <span class='ocrx_word' id='word_1_63' title='bbox 799 1322 925 1397; x_wconf 79' lang='lat' dir='ltr'><strong>saepius</strong></span> <span class='ocrx_word' id='word_1_64' title='bbox 945 1320 1092 1382; x_wconf 76' lang='lat' dir='ltr'><strong>Taeniae</strong></span> 
     </span>
     <span class='ocr_line' id='line_1_11' title="bbox 136 1422 1088 1516; baseline -0.006 -17"><span class='ocrx_word' id='word_1_65' title='bbox 136 1430 329 1499; x_wconf 82' lang='lat' dir='ltr'><strong>lanceolatae</strong></span> <span class='ocrx_word' id='word_1_66' title='bbox 347 1422 432 1496; x_wconf 85' lang='lat' dir='ltr'><strong>¹ovls</strong></span> <span class='ocrx_word' id='word_1_67' title='bbox 460 1438 589 1509; x_wconf 74' lang='lat' dir='ltr'><strong>maturis</strong></span> <span class='ocrx_word' id='word_1_68' title='bbox 621 1426 730 1495; x_wconf 81' lang='lat' dir='ltr'><strong>foetae</strong></span> <span class='ocrx_word' id='word_1_69' title='bbox 763 1426 915 1497; x_wconf 76' lang='lat' dir='ltr'><strong>articulos</strong></span> <span class='ocrx_word' id='word_1_70' title='bbox 943 1431 1088 1516; x_wconf 72' lang='lat' dir='ltr'><strong>singulos</strong></span> 
     </span>
     <span class='ocr_line' id='line_1_12' title="bbox 140 1538 1134 1630; baseline -0.005 -16"><span class='ocrx_word' id='word_1_71' title='bbox 140 1550 282 1630; x_wconf 74' lang='lat' dir='ltr'><strong>decidere</strong></span> <span class='ocrx_word' id='word_1_72' title='bbox 303 1546 562 1624; x_wconf 74' lang='lat' dir='ltr'><strong>observaverim,-</strong></span> <span class='ocrx_word' id='word_1_73' title='bbox 588 1540 704 1613; x_wconf 67' lang='lat' dir='ltr'><strong>utstali</strong></span> <span class='ocrx_word' id='word_1_74' title='bbox 725 1562 812 1609; x_wconf 89' lang='lat' dir='ltr'><strong>certe</strong></span> <span class='ocrx_word' id='word_1_75' title='bbox 834 1544 1089 1630; x_wconf 75' lang='lat' dir='ltr'><strong>evulorum’per</strong></span> <span class='ocrx_word' id='word_1_76' title='bbox 1130 1538 1134 1547; x_wconf 82' lang='grc'><em>’</em></span> 
     </span>
    </p>
   </div>
   <div class='ocr_carea' id='block_1_2' title="bbox 129 1664 1139 1863">
    <p class='ocr_par' dir='ltr' id='par_1_3' title="bbox 129 1664 1139 1863">
     <span class='ocr_line' id='line_1_13' title="bbox 129 1664 1139 1747; baseline -0.002 -22"><span class='ocrx_word' id='word_1_77' title='bbox 129 1664 288 1729; x_wconf 75' lang='lat' dir='ltr'><strong>‘foramina</strong></span> <span class='ocrx_word' id='word_1_78' title='bbox 309 1667 478 1725; x_wconf 78' lang='lat' dir='ltr'><strong>emissione</strong></span> <span class='ocrx_word' id='word_1_79' title='bbox 498 1682 566 1725; x_wconf 88' lang='lat' dir='ltr'><strong>non</strong></span> <span class='ocrx_word' id='word_1_80' title='bbox 593 1665 780 1747; x_wconf 75' lang='lat' dir='ltr'><strong>indigeant,</strong></span> <span class='ocrx_word' id='word_1_81' title='bbox 814 1677 846 1724; x_wconf 91' lang='lat' dir='ltr'><strong>et</strong></span> <span class='ocrx_word' id='word_1_82' title='bbox 872 1668 1088 1725; x_wconf 87' lang='lat' dir='ltr'><strong>instrumento</strong></span> <span class='ocrx_word' id='word_1_83' title='bbox 1134 1738 1139 1747; x_wconf 19' lang='grc' dir='ltr'><strong>ἢ</strong></span> 
     </span>
     <span class='ocr_line' id='line_1_14' title="bbox 137 1772 1089 1863; baseline -0.005 -19"><span class='ocrx_word' id='word_1_84' title='bbox 137 1785 295 1863; x_wconf 79' lang='lat' dir='ltr'><strong>pressorio</strong></span> <span class='ocrx_word' id='word_1_85' title='bbox 325 1775 470 1839; x_wconf 87' lang='lat' dir='ltr'><strong>adhibito</strong></span> <span class='ocrx_word' id='word_1_86' title='bbox 497 1781 549 1840; x_wconf 87' lang='lat' dir='ltr'><strong>via</strong></span> <span class='ocrx_word' id='word_1_87' title='bbox 576 1772 706 1840; x_wconf 77' lang='lat' dir='ltr'><strong>insolita</strong></span> <span class='ocrx_word' id='word_1_88' title='bbox 726 1792 781 1840; x_wconf 89' lang='lat' dir='ltr'><strong>aut</strong></span> <span class='ocrx_word' id='word_1_89' title='bbox 802 1778 972 1840; x_wconf 82' lang='lat' dir='ltr'><strong>artificialis</strong></span> <span class='ocrx_word' id='word_1_90' title='bbox 987 1774 1089 1839; x_wconf 75' lang='lat' dir='ltr'><strong>facile</strong></span> 
     </span>
    </p>
   </div>
   <div class='ocr_carea' id='block_1_3' title="bbox 124 1912 1176 2905">
    <p class='ocr_par' dir='ltr' id='par_1_4' title="bbox 136 1912 272 1979">
     <span class='ocr_line' id='line_1_15' title="bbox 136 1912 272 1979; baseline -0.008 -20"><span class='ocrx_word' id='word_1_91' title='bbox 136 1912 272 1979; x_wconf 76' lang='lat' dir='ltr'><strong>paratur.</strong></span> 
     </span>
    </p>

    <p class='ocr_par' dir='ltr' id='par_1_5' title="bbox 124 1978 1176 2905">
     <span class='ocr_line' id='line_1_16' title="bbox 190 1978 1088 2103; baseline -0.003 -31"><span class='ocrx_word' id='word_1_92' title='bbox 190 2012 244 2073; x_wconf 86' lang='lat' dir='ltr'><strong>De</strong></span> <span class='ocrx_word' id='word_1_93' title='bbox 276 2010 429 2072; x_wconf 86' lang='lat' dir='ltr'><strong>Zederi</strong></span> <span class='ocrx_word' id='word_1_94' title='bbox 462 1978 767 2091; x_wconf 78' lang='lat' dir='ltr'><strong>(Naturgeschichte</strong></span> <span class='ocrx_word' id='word_1_95' title='bbox 793 2029 825 2090; x_wconf 92' lang='lat' dir='ltr'><strong>p.</strong></span> <span class='ocrx_word' id='word_1_96' title='bbox 854 2010 915 2098; x_wconf 75' lang='grc' dir='ltr'><strong>5ι4</strong></span> <span class='ocrx_word' id='word_1_97' title='bbox 943 1996 1088 2103; x_wconf 72' lang='lat' dir='ltr'><strong>et31.7)</strong></span> 
     </span>
     <span class='ocr_line' id='line_1_17' title="bbox 138 2124 1176 2204; baseline -0.004 -17"><span class='ocrx_word' id='word_1_98' title='bbox 138 2124 372 2200; x_wconf 76' lang='lat' dir='ltr'><strong>observatione,</strong></span> <span class='ocrx_word' id='word_1_99' title='bbox 393 2124 570 2185; x_wconf 85' lang='lat' dir='ltr'><strong>secundum</strong></span> <span class='ocrx_word' id='word_1_100' title='bbox 591 2142 688 2204; x_wconf 87' lang='lat' dir='ltr'><strong>quam</strong></span> <span class='ocrx_word' id='word_1_101' title='bbox 701 2124 845 2186; x_wconf 85' lang='lat' dir='ltr'><strong>Taeniae</strong></span> <span class='ocrx_word' id='word_1_102' title='bbox 867 2128 979 2186; x_wconf 87' lang='lat' dir='ltr'><strong>o&#39;vario</strong></span> <span class='ocrx_word' id='word_1_103' title='bbox 993 2127 1089 2186; x_wconf 84' lang='lat' dir='ltr'><strong>sacci·</strong></span> <span class='ocrx_word' id='word_1_104' title='bbox 1172 2136 1176 2143; x_wconf 85' lang='grc'><em>“</em></span> 
     </span>
     <span class='ocr_line' id='line_1_18' title="bbox 124 2220 1088 2347; baseline 0 -46"><span class='ocrx_word' id='word_1_105' title='bbox 124 2229 248 2347; x_wconf 43' lang='lat' dir='ltr'><strong>&#39;&#39;lermi</strong></span> <span class='ocrx_word' id='word_1_106' title='bbox 239 2254 413 2300; x_wconf 80' lang='lat' dir='ltr'><strong>instructae</strong></span> <span class='ocrx_word' id='word_1_107' title='bbox 430 2220 490 2298; x_wconf 74' lang='lat' dir='ltr'><strong>ova</strong></span> <span class='ocrx_word' id='word_1_108' title='bbox 502 2259 540 2299; x_wconf 84' lang='lat' dir='ltr'><strong>ex</strong></span> <span class='ocrx_word' id='word_1_109' title='bbox 550 2239 711 2301; x_wconf 85' lang='lat' dir='ltr'><strong>foramine</strong></span> <span class='ocrx_word' id='word_1_110' title='bbox 724 2244 862 2323; x_wconf 81' lang='lat' dir='ltr'><strong>paginae</strong></span> <span class='ocrx_word' id='word_1_111' title='bbox 878 2239 1088 2301; x_wconf 88' lang='lat' dir='ltr'><strong>articulorum</strong></span> 
     </span>
     <span class='ocr_line' id='line_1_19' title="bbox 135 2342 1090 2461; baseline 0.001 -45"><span class='ocrx_word' id='word_1_112' title='bbox 135 2342 313 2461; x_wconf 78' lang='lat' dir='ltr'><strong>inleripris,</strong></span> <span class='ocrx_word' id='word_1_113' title='bbox 342 2374 449 2435; x_wconf 88' lang='lat' dir='ltr'><strong>prope</strong></span> <span class='ocrx_word' id='word_1_114' title='bbox 469 2358 647 2438; x_wconf 77' lang='lat' dir='ltr'><strong>marginem</strong></span> <span class='ocrx_word' id='word_1_115' title='bbox 668 2342 808 2416; x_wconf 84' lang='lat' dir='ltr'><strong>anticum</strong></span> <span class='ocrx_word' id='word_1_116' title='bbox 829 2357 890 2416; x_wconf 87' lang='lat' dir='ltr'><strong>sito</strong></span> <span class='ocrx_word' id='word_1_117' title='bbox 912 2371 945 2417; x_wconf 92' lang='lat' dir='ltr'><strong>et</strong></span> <span class='ocrx_word' id='word_1_118' title='bbox 971 2359 1090 2417; x_wconf 82' lang='lat' dir='ltr'><strong>tenuis·</strong></span> 
     </span>
     <span class='ocr_line' id='line_1_20' title="bbox 124 2462 1091 2554; baseline 0.001 -23"><span class='ocrx_word' id='word_1_119' title='bbox 124 2473 235 2551; x_wconf 67' lang='lat' dir='ltr'><strong>aimo,</strong></span> <span class='ocrx_word' id='word_1_120' title='bbox 271 2468 329 2532; x_wconf 86' lang='lat' dir='ltr'><strong>sub</strong></span> <span class='ocrx_word' id='word_1_121' title='bbox 358 2487 455 2551; x_wconf 87' lang='lat' dir='ltr'><strong>partu</strong></span> <span class='ocrx_word' id='word_1_122' title='bbox 484 2470 638 2548; x_wconf 87' lang='lat' dir='ltr'><strong>edantur,</strong></span> <span class='ocrx_word' id='word_1_123' title='bbox 673 2472 761 2533; x_wconf 87' lang='lat' dir='ltr'><strong>idem</strong></span> <span class='ocrx_word' id='word_1_124' title='bbox 792 2472 855 2533; x_wconf 91' lang='lat' dir='ltr'><strong>dici</strong></span> <span class='ocrx_word' id='word_1_125' title='bbox 883 2472 1012 2554; x_wconf 80' lang='lat' dir='ltr'><strong>nequit;</strong></span> <span class='ocrx_word' id='word_1_126' title='bbox 1052 2462 1091 2533; x_wconf 75' lang='lat' dir='ltr'><strong>etr</strong></span> 
     </span>
     <span class='ocr_line' id='line_1_21' title="bbox 137 2583 1091 2672; baseline -0.003 -22"><span class='ocrx_word' id='word_1_127' title='bbox 137 2592 246 2650; x_wconf 86' lang='lat' dir='ltr'><strong>ovario</strong></span> <span class='ocrx_word' id='word_1_128' title='bbox 268 2591 353 2648; x_wconf 87' lang='lat' dir='ltr'><strong>enim</strong></span> <span class='ocrx_word' id='word_1_129' title='bbox 374 2583 510 2666; x_wconf 87' lang='lat' dir='ltr'><strong>simplici</strong></span> <span class='ocrx_word' id='word_1_130' title='bbox 531 2584 626 2646; x_wconf 87' lang='lat' dir='ltr'><strong>ovula</strong></span> <span class='ocrx_word' id='word_1_131' title='bbox 651 2606 713 2667; x_wconf 88' lang='lat' dir='ltr'><strong>per</strong></span> <span class='ocrx_word' id='word_1_132' title='bbox 732 2587 881 2653; x_wconf 80' lang='lat' dir='ltr'><strong>foramen</strong></span> <span class='ocrx_word' id='word_1_133' title='bbox 903 2593 1091 2672; x_wconf 84' lang='lat' dir='ltr'><strong>contiguum</strong></span> 
     </span>
     <span class='ocr_line' id='line_1_22' title="bbox 137 2700 1099 2785; baseline -0.003 -20"><span class='ocrx_word' id='word_1_134' title='bbox 137 2719 189 2765; x_wconf 84' lang='lat' dir='ltr'><strong>aut</strong></span> <span class='ocrx_word' id='word_1_135' title='bbox 209 2707 348 2765; x_wconf 85' lang='lat' dir='ltr'><strong>vicinum</strong></span> <span class='ocrx_word' id='word_1_136' title='bbox 368 2700 491 2761; x_wconf 86' lang='lat' dir='ltr'><strong>facilius</strong></span> <span class='ocrx_word' id='word_1_137' title='bbox 514 2704 615 2762; x_wconf 86' lang='lat' dir='ltr'><strong>emitti</strong></span> <span class='ocrx_word' id='word_1_138' title='bbox 633 2713 784 2782; x_wconf 59' lang='lat' dir='ltr'><strong>postianm</strong></span> <span class='ocrx_word' id='word_1_139' title='bbox 804 2701 1022 2783; x_wconf 76' lang='lat' dir='ltr'><strong>&#39;utplurimum</strong></span> <span class='ocrx_word' id='word_1_140' title='bbox 1043 2718 1099 2785; x_wconf 47' lang='lat' dir='ltr'><strong>tas</strong></span> 
     </span>
     <span class='ocr_line' id='line_1_23' title="bbox 136 2816 777 2905; baseline -0.005 -24"><span class='ocrx_word' id='word_1_141' title='bbox 136 2840 210 2881; x_wconf 87' lang='lat' dir='ltr'><strong>men</strong></span> <span class='ocrx_word' id='word_1_142' title='bbox 229 2822 324 2902; x_wconf 82' lang='lat' dir='ltr'><strong>partu</strong></span> <span class='ocrx_word' id='word_1_143' title='bbox 345 2817 400 2877; x_wconf 86' lang='lat' dir='ltr'><strong>tali</strong></span> <span class='ocrx_word' id='word_1_144' title='bbox 421 2839 489 2878; x_wconf 90' lang='lat' dir='ltr'><strong>non</strong></span> <span class='ocrx_word' id='word_1_145' title='bbox 510 2816 719 2905; x_wconf 44' lang='lat' dir='ltr'><strong>indigebunt(</strong></span> <span class='ocrx_word' id='word_1_146' title='bbox 773 2832 777 2839; x_wconf 87' lang='lat'>&#39;</span> 
     </span>
    </p>
   </div>
   <div class='ocr_carea' id='block_1_4' title="bbox 193 2918 1231 3013">
    <p class='ocr_par' dir='ltr' id='par_1_6' title="bbox 193 2918 1231 3013">
     <span class='ocr_line' id='line_1_24' title="bbox 193 2918 1231 3013; baseline -0.001 -17"><span class='ocrx_word' id='word_1_147' title='bbox 193 2936 338 2996; x_wconf 87' lang='lat' dir='ltr'><strong>Taeniae</strong></span> <span class='ocrx_word' id='word_1_148' title='bbox 364 2920 491 3013; x_wconf 81' lang='lat' dir='ltr'><strong>semper</strong></span> <span class='ocrx_word' id='word_1_149' title='bbox 519 2935 688 3013; x_wconf 69' lang='lat' dir='ltr'><strong>amparate,</strong></span> <span class='ocrx_word' id='word_1_150' title='bbox 729 2947 762 2994; x_wconf 91' lang='lat' dir='ltr'><strong>et</strong></span> <span class='ocrx_word' id='word_1_151' title='bbox 789 2952 851 2994; x_wconf 88' lang='lat' dir='ltr'><strong>ova</strong></span> <span class='ocrx_word' id='word_1_152' title='bbox 877 2932 947 2995; x_wconf 82' lang='lat' dir='ltr'><strong>sola</strong></span> <span class='ocrx_word' id='word_1_153' title='bbox 972 2946 1037 2997; x_wconf 86' lang='lat' dir='ltr'><strong>tatn</strong></span> <span class='ocrx_word' id='word_1_154' title='bbox 1060 2936 1094 2995; x_wconf 88' lang='lat' dir='ltr'><strong>in</strong></span> <span class='ocrx_word' id='word_1_155' title='bbox 1157 2930 1159 2935; x_wconf 72' lang='grc'><strong>’</strong></span> <span class='ocrx_word' id='word_1_156' title='bbox 1228 2918 1231 2922; x_wconf 45' lang='grc'><strong>’</strong></span> 
     </span>
    </p>
   </div>
   <div class='ocr_carea' id='block_1_5' title="bbox 129 3040 1104 3832">
    <p class='ocr_par' dir='ltr' id='par_1_7' title="bbox 129 3040 1104 3832">
     <span class='ocr_line' id='line_1_25' title="bbox 138 3040 1094 3133; baseline -0.006 -18"><span class='ocrx_word' id='word_1_157' title='bbox 138 3040 281 3133; x_wconf 74' lang='grc' dir='ltr'><strong>ιιιίιιιΗι</strong></span> <span class='ocrx_word' id='word_1_158' title='bbox 298 3052 441 3110; x_wconf 83' lang='lat' dir='ltr'><strong>maximis</strong></span> <span class='ocrx_word' id='word_1_159' title='bbox 461 3046 701 3123; x_wconf 85' lang='lat' dir='ltr'><strong>secedentibus,</strong></span> <span class='ocrx_word' id='word_1_160' title='bbox 730 3069 827 3129; x_wconf 89' lang='lat' dir='ltr'><strong>quam</strong></span> <span class='ocrx_word' id='word_1_161' title='bbox 847 3054 931 3109; x_wconf 86' lang='lat' dir='ltr'><strong>circa</strong></span> <span class='ocrx_word' id='word_1_162' title='bbox 960 3048 1094 3110; x_wconf 87' lang='lat' dir='ltr'><strong>eosdem</strong></span> 
     </span>
     <span class='ocr_line' id='line_1_26' title="bbox 137 3140 1098 3251; baseline -0.006 -21"><span class='ocrx_word' id='word_1_163' title='bbox 137 3172 354 3251; x_wconf 79' lang='lat' dir='ltr'><strong>reperiuntur.</strong></span> <span class='ocrx_word' id='word_1_164' title='bbox 397 3165 456 3224; x_wconf 90' lang='lat' dir='ltr'><strong>Go</strong></span> <span class='ocrx_word' id='word_1_165' title='bbox 469 3166 583 3223; x_wconf 77' lang='lat' dir='ltr'><strong>eziu&#39;t</strong></span> <span class='ocrx_word' id='word_1_166' title='bbox 613 3154 824 3242; x_wconf 78' lang='lat' dir='ltr'><strong>plurimarum</strong></span> <span class='ocrx_word' id='word_1_167' title='bbox 840 3156 941 3224; x_wconf 86' lang='lat' dir='ltr'><strong>¹ovul&#39;a</strong></span> <span class='ocrx_word' id='word_1_168' title='bbox 954 3154 1041 3224; x_wconf 81' lang='lat' dir='ltr'><strong>¹vidit</strong></span> <span class='ocrx_word' id='word_1_169' title='bbox 1062 3140 1098 3224; x_wconf 83' lang='lat' dir='ltr'><strong>et</strong></span> 
     </span>
     <span class='ocr_line' id='line_1_27' title="bbox 136 3262 1093 3359; baseline -0.007 -14"><span class='ocrx_word' id='word_1_170' title='bbox 136 3280 223 3345; x_wconf 84' lang='lat' dir='ltr'><strong>bene</strong></span> <span class='ocrx_word' id='word_1_171' title='bbox 241 3278 434 3354; x_wconf 81' lang='lat' dir='ltr'><strong>delineavit,</strong></span> <span class='ocrx_word' id='word_1_172' title='bbox 464 3283 598 3359; x_wconf 89' lang='lat' dir='ltr'><strong>ipseque</strong></span> <span class='ocrx_word' id='word_1_173' title='bbox 619 3262 762 3338; x_wconf 71' lang='lat' dir='ltr'><strong>notabile</strong></span> <span class='ocrx_word' id='word_1_174' title='bbox 784 3270 970 3341; x_wconf 70' lang='lat' dir='ltr'><strong>earundem</strong></span> <span class='ocrx_word' id='word_1_175' title='bbox 984 3278 1093 3339; x_wconf 85' lang='lat' dir='ltr'><strong>dis&#39;cri·</strong></span> 
     </span>
     <span class='ocr_line' id='line_1_28' title="bbox 135 3384 1095 3493; baseline -0.008 -30"><span class='ocrx_word' id='word_1_176' title='bbox 135 3420 215 3493; x_wconf 84' lang='lat' dir='ltr'><strong>men</strong></span> <span class='ocrx_word' id='word_1_177' title='bbox 237 3394 379 3468; x_wconf 86' lang='lat' dir='ltr'><strong>offendi,</strong></span> <span class='ocrx_word' id='word_1_178' title='bbox 399 3399 445 3454; x_wconf 87' lang='lat' dir='ltr'><strong>sic</strong></span> <span class='ocrx_word' id='word_1_179' title='bbox 464 3415 492 3454; x_wconf 92' lang='lat' dir='ltr'><strong>v.</strong></span> <span class='ocrx_word' id='word_1_180' title='bbox 515 3414 541 3453; x_wconf 90' lang='lat' dir='ltr'><strong>c.</strong></span> <span class='ocrx_word' id='word_1_181' title='bbox 563 3390 602 3452; x_wconf 85' lang='lat' dir='ltr'><strong>T.</strong></span> <span class='ocrx_word' id='word_1_182' title='bbox 618 3384 702 3450; x_wconf 86' lang='lat' dir='ltr'><strong>Solii</strong></span> <span class='ocrx_word' id='word_1_183' title='bbox 725 3406 758 3451; x_wconf 88' lang='lat' dir='ltr'><strong>et</strong></span> <span class='ocrx_word' id='word_1_184' title='bbox 778 3398 977 3476; x_wconf 78' lang='lat' dir='ltr'><strong>craseicipitis</strong></span> <span class='ocrx_word' id='word_1_185' title='bbox 1000 3393 1095 3455; x_wconf 84' lang='lat' dir='ltr'><strong>ovula</strong></span> 
     </span>
     <span class='ocr_line' id='line_1_29' title="bbox 133 3481 1095 3601; baseline -0.006 -25"><span class='ocrx_word' id='word_1_186' title='bbox 133 3537 236 3601; x_wconf 87' lang='lat' dir='ltr'><strong>quarn</strong></span> <span class='ocrx_word' id='word_1_187' title='bbox 259 3511 303 3572; x_wconf 92' lang='grc' dir='ltr'><strong>Τ.</strong></span> <span class='ocrx_word' id='word_1_188' title='bbox 334 3481 548 3571; x_wconf 84' lang='lat' dir='ltr'><strong>denticulatae</strong></span> <span class='ocrx_word' id='word_1_189' title='bbox 577 3521 609 3568; x_wconf 82' lang='lat' dir='ltr'><strong>et</strong></span> <span class='ocrx_word' id='word_1_190' title='bbox 636 3496 793 3585; x_wconf 85' lang='lat' dir='ltr'><strong>expansae</strong></span> <span class='ocrx_word' id='word_1_191' title='bbox 821 3506 922 3568; x_wconf 81' lang='lat' dir='ltr'><strong>multo</strong></span> <span class='ocrx_word' id='word_1_192' title='bbox 951 3513 1095 3586; x_wconf 86' lang='lat' dir='ltr'><strong>minora,</strong></span> 
     </span>
     <span class='ocr_line' id='line_1_30' title="bbox 131 3614 1104 3710; baseline -0.005 -19"><span class='ocrx_word' id='word_1_193' title='bbox 131 3650 268 3710; x_wconf 76' lang='lat' dir='ltr'><strong>semper</strong></span> <span class='ocrx_word' id='word_1_194' title='bbox 289 3641 396 3701; x_wconf 82' lang='lat' dir='ltr'><strong>autem</strong></span> <span class='ocrx_word' id='word_1_195' title='bbox 416 3620 568 3707; x_wconf 84' lang='lat' dir='ltr'><strong>globosa,</strong></span> <span class='ocrx_word' id='word_1_196' title='bbox 587 3616 849 3701; x_wconf 88' lang='lat' dir='ltr'><strong>Bothriocephall</strong></span> <span class='ocrx_word' id='word_1_197' title='bbox 866 3642 944 3684; x_wconf 86' lang='lat' dir='ltr'><strong>vero</strong></span> <span class='ocrx_word' id='word_1_198' title='bbox 965 3614 1104 3705; x_wconf 86' lang='lat' dir='ltr'><strong>puncta</strong></span> 
     </span>
     <span class='ocr_line' id='line_1_31' title="bbox 129 3726 1096 3832; baseline -0.01 -22"><span class='ocrx_word' id='word_1_199' title='bbox 129 3752 158 3810; x_wconf 86' lang='lat' dir='ltr'><strong>ti</strong></span> <span class='ocrx_word' id='word_1_200' title='bbox 189 3730 321 3829; x_wconf 60' lang='lat' dir='ltr'><strong>(thtis</strong></span> <span class='ocrx_word' id='word_1_201' title='bbox 349 3741 554 3823; x_wconf 85' lang='lat' dir='ltr'><strong>bipunctatae</strong></span> <span class='ocrx_word' id='word_1_202' title='bbox 575 3756 608 3804; x_wconf 85' lang='lat' dir='ltr'><strong>et</strong></span> <span class='ocrx_word' id='word_1_203' title='bbox 626 3726 759 3823; x_wconf 64' lang='lat' dir='ltr'><strong>Halyeis&#39;*</strong></span> <span class='ocrx_word' id='word_1_204' title='bbox 778 3728 903 3832; x_wconf 71' lang='lat' dir='ltr'><strong>scorpii</strong></span> <span class='ocrx_word' id='word_1_205' title='bbox 921 3738 1096 3823; x_wconf 83' lang='lat' dir='ltr'><strong>Zederi)</strong></span> 
     </span>
    </p>
   </div>
   <div class='ocr_carea' id='block_1_6' title="bbox 0 0 1242 4642">
    <p class='ocr_par' dir='ltr' id='par_1_8' title="bbox 0 0 1242 4642">
     <span class='ocr_line' id='line_1_32' title="bbox 0 0 1242 4642; baseline 0 0"><span class='ocrx_word' id='word_1_206' title='bbox 0 0 1242 4642; x_wconf 95' lang='lat' dir='ltr'><strong> </strong></span> 
     </span>
    </p>
   </div>
  </div>
 </body>
</html>
