2476 4642
912 214 972 297 517

27 373 113 437 arula
134 387 262 433 matura
291 373 325 430 in
346 369 472 450 reliqua
500 365 624 439 articuli
646 381 756 449 parte,
789 374 905 437 necin
925 398 975 439 ca.

32 488 155 571 mliculo
185 503 310 546 tantum
337 488 499 545 communi
506 528 517 562 ,
560 482 655 544 obvia
674 483 837 549 refellunt.
895 488 976 551 Iliae

32 586 93 665 reto
120 618 230 682 partes
254 621 326 661 cum
354 599 474 682 ductali
496 604 673 661 communis
701 605 976 667 continuationem

29 723 142 794 sistam,
177 733 243 777 tam
271 735 382 796 semen
410 713 571 777 advehere
599 735 708 797 quam
726 721 871 797 recipere
897 739 976 797 pos·

30 851 105 912 tant,
147 849 180 895 et
211 829 432 892 articulorum¹
449 829 590 889 duorum
609 830 819 891 foraminibus
838 835 975 893 invicem

10 948 81 1021 'sibi
100 951 250 1025 admotis,
281 950 383 1005 coitus
406 942 525 1032 duplex
542 944 595 1004 vel
617 946 733 1023 eodem
754 961 902 1029 tempore
919 948 976 1029 ¹val

29 1069 193 1126 successive
225 1065 411 1144 peragitur,
452 1080 517 1139 quo
554 1042 721 1141 utriusque
752 1065 853 1125 etiam,
879 1063 976 1125 ovuIa

33 1179 222 1241 vivificantur.
262 1175 406 1234 Taeniae
427 1165 622 1252 saepissime,
643 1175 734 1256 quod
749 1180 912 1245 neminem
924 1178 975 1237 fu·

35 1294 95 1375 git,¹
121 1291 261 1353 articulis
293 1295 386 1351 varie
421 1292 585 1363 contortis
611 1285 686 1349 hinc
720 1290 798 1350 inde
834 1292 974 1355 nodulos

35 1424 167 1480 nectunt,
195 1423 228 1466 et
247 1404 294 1466 his
315 1405 405 1464 factis
427 1403 567 1479 orificiis,
597 1402 689 1465 labiis
711 1405 935 1473 tumentibus
926 1429 975 1471 tn·

34 1536 151 1597 structa,
185 1523 358 1579 arctissime
379 1516 439 1577 sibi
459 1519 592 1578 admota
613 1523 871 1599 conspiciuntur,
907 1544 974 1605 quo

35 1642 141 1717 coitum,
167 1633 291 1695 absolvi
311 1608 504 1695 'Carlisle
532 1632 567 1711 (l.
590 1653 615 1692 c.
636 1655 668 1713 p.
690 1639 777 1715 255.)
800 1639 975 1711 rectissime

30 1756 190 1831 suspicatus
213 1765 267 1809 est.
309 1748 444 1808 Taenias
467 1762 591 1823 autem,
628 1747 784 1827 sipiares
805 1751 898 1811 simul
919 1753 974 1839 ad-

30 1883 106 1943 tunt,
137 1844 276 1925 invicem
299 1867 393 1948 etiam
415 1867 503 1923 coire
529 1882 645 1941 posse,
682 1877 790 1940 patet,
826 1880 857 1925 et
875 1870 975 1927 inter·

29 1976 93 2039 dum
119 1984 216 2043 etiam
242 1981 385 2044 Taenias
409 1977 487 2035 duas
514 1975 642 2037 fortiter
661 1975 721 2035 sibi
742 1974 974 2057 adhaerentes,

26 2108 59 2153 ut
74 2096 142 2155 fere
154 2092 397 2176 adglutinatur,
431 2092 595 2165 videmus,
628 2112 725 2173 quam
750 2092 796 2153 ob
815 2114 887 2171 rem
908 2100 974 2155 ani-

24 2209 186 2289 rualodum
215 2204 300 2266 istud
327 2210 512 2286 prorniscue
540 2222 604 2267 tam
631 2210 855 2290 androgynum
876 2228 973 2291 quam

22 2300 312 2404 hermaphroditum
333 2343 401 2381 esse
422 2341 518 2400 posse
541 2321 741 2381 crediderim.

66 2442 205 2522 'Partum
225 2453 333 2497 autem
353 2438 445 2518 quod
466 2442 590 2513 attinet,¹
610 2436 649 2496 ab
671 2436 853 2499 auctoribus
874 2441 899 2499 is
922 2460 974 2500 va·

19 2555 65 2613 rie
83 2554 237 2621 traditur,
278 2573 339 2612 nec
368 2556 402 2612 in
423 2552 569 2612 omnibus
601 2552 689 2611 idem
711 2557 781 2613 erit.
841 2555 975 2631 Articuli
1013 2604 1017 2615 ,

22 2648 120 2730 ouulis
146 2672 280 2729 maturis
310 2668 392 2727 loeti
418 2662 603 2747 saepissime
631 2666 800 2750 areliquis
821 2650 992 2751 separans

21 2794 88 2865 tur,
126 2783 215 2845 unde
236 2784 374 2869 Taeuias
404 2789 540 2865 majores
560 2782 630 2844 fere
650 2804 778 2865 semper
797 2785 919 2846 laceras
942 2802 975 2851 et

23 2898 154 2958 articulis
174 2899 292 2958 ultimis
314 2898 461 2974 orbatas,
500 2896 561 2963 bos
581 2919 661 2960 vero
689 2901 832 2982 singulos
854 2906 974 2961 circum

22 3016 100 3074 circa
122 3015 286 3093 dispersos
307 3017 501 3092 reperimus„
522 3001 611 3094 quos*
628 3013 759 3075 Veteres
779 3014 973 3096 plerumque

19 3145 78 3208 pro
99 3128 261 3189 vermibus
282 3125 515 3208 peculiaribus,
550 3112 753 3186 cucurbitinis
783 3128 842 3188 sibi
864 3130 973 3211 dictis,

20 3248 95 3325 quin
123 3241 346 3304 Couletum
376 3260 438 3319 pro
454 3239 664 3316 ‚Ascaridibus
685 3242 886 3325 vendidisse,
913 3264 1009 3333 no-,a
1101 3254 1103 3263 ’

20 3362 172 3420 tissimum
203 3372 259 3416 est.
320 3348 537 3416 Articulorum
565 3351 749 3434 hujusmodi
769 3359 878 3419 media
897 3379 971 3439 pars
1002 3396 1005 3401 ·

15 3489 121 3534 cutem
143 3474 377 3544 tenuissimam,
419 3467 521 3528 ovulis
542 3467 775 3549 subjacentibus
803 3472 918 3535 elatem
941 3488 973 3535 et

10 3589 239 3650 flavescentem
259 3585 311 3671 uel
333 3601 365 3645 et
386 3584 560 3663 disruptam
572 3598 751 3660 monstrat,
771 3601 808 3663 ut
826 3585 907 3649 haec
927 3589 974 3650 fa·
1041 3650 1044 3658 ,

10 3704 61 3766 ciii
81 3705 222 3785 negotio
243 3697 450 3767 effundantur
471 3702 558 3761 etin
577 3715 672 3761 muco
692 3703 865 3765 intestinali
889 3707 973 3767 circa
