<?xml version="1.0" encoding="UTF-8"?>
<!DOCTYPE html PUBLIC "-//W3C//DTD XHTML 1.0 Transitional//EN"
    "http://www.w3.org/TR/xhtml1/DTD/xhtml1-transitional.dtd">
<html xmlns="http://www.w3.org/1999/xhtml" xml:lang="en" lang="en">
 <head>
  <title>
</title>
<meta http-equiv="Content-Type" content="text/html;charset=utf-8" />
  <meta name='ocr-system' content='tesseract 3.04.00' />
  <meta name='ocr-capabilities' content='ocr_page ocr_carea ocr_par ocr_line ocrx_word'/>
</head>
<body>
  <div class='ocr_page' id='page_1' title='image "./entozoorumsivev02rudogoog_0251.png"; bbox 0 0 2446 4644; ppageno 0'>
   <div class='ocr_carea' id='block_1_1' title="bbox 261 176 323 247">
    <p class='ocr_par' dir='ltr' id='par_1_1' title="bbox 261 176 323 247">
     <span class='ocr_line' id='line_1_1' title="bbox 261 176 323 247; baseline 0 0"><span class='ocrx_word' id='word_1_1' title='bbox 261 176 323 247; x_wconf 73' lang='lat'>2²4</span> 
     </span>
    </p>
   </div>
   <div class='ocr_carea' id='block_1_2' title="bbox 260 320 1176 520">
    <p class='ocr_par' dir='ltr' id='par_1_2' title="bbox 260 320 1176 520">
     <span class='ocr_line' id='line_1_2' title="bbox 262 320 1176 407; baseline -0.007 -18"><span class='ocrx_word' id='word_1_2' title='bbox 262 349 331 401; x_wconf 90' lang='lat' dir='ltr'>sos,</span> <span class='ocrx_word' id='word_1_3' title='bbox 359 323 412 387; x_wconf 89' lang='lat' dir='ltr'>vel</span> <span class='ocrx_word' id='word_1_4' title='bbox 433 337 633 397; x_wconf 87' lang='lat' dir='ltr'>contractos,</span> <span class='ocrx_word' id='word_1_5' title='bbox 662 338 740 383; x_wconf 82' lang='lat' dir='ltr'>mor</span> <span class='ocrx_word' id='word_1_6' title='bbox 760 321 898 385; x_wconf 88' lang='lat' dir='ltr'>tumidos</span> <span class='ocrx_word' id='word_1_7' title='bbox 917 320 972 385; x_wconf 82' lang='lat' dir='ltr'>vel</span> <span class='ocrx_word' id='word_1_8' title='bbox 990 320 1123 407; x_wconf 74' lang='lat' dir='ltr'>lagenas</span> <span class='ocrx_word' id='word_1_9' title='bbox 1136 341 1176 403; x_wconf 77' lang='lat' dir='ltr'>spe·</span> 
     </span>
     <span class='ocr_line' id='line_1_3' title="bbox 260 437 1175 520; baseline -0.004 -19"><span class='ocrx_word' id='word_1_10' title='bbox 260 446 342 502; x_wconf 86' lang='lat' dir='ltr'>ciem</span> <span class='ocrx_word' id='word_1_11' title='bbox 371 438 566 513; x_wconf 84' lang='lat' dir='ltr'>referentes,</span> <span class='ocrx_word' id='word_1_12' title='bbox 599 437 758 498; x_wconf 81' lang='lat' dir='ltr'>foramine</span> <span class='ocrx_word' id='word_1_13' title='bbox 788 442 868 519; x_wconf 90' lang='lat' dir='ltr'>(ore</span> <span class='ocrx_word' id='word_1_14' title='bbox 893 442 1007 520; x_wconf 82' lang='lat' dir='ltr'>quasi)</span> <span class='ocrx_word' id='word_1_15' title='bbox 1033 442 1175 509; x_wconf 81' lang='lat' dir='ltr'>instructu,</span> 
     </span>
    </p>
   </div>
   <div class='ocr_carea' id='block_1_3' title="bbox 156 550 1175 643">
    <p class='ocr_par' dir='ltr' id='par_1_3' title="bbox 156 550 1175 643">
     <span class='ocr_line' id='line_1_4' title="bbox 156 550 1175 643; baseline -0.009 -25"><span class='ocrx_word' id='word_1_16' title='bbox 156 630 162 643; x_wconf 37' lang='grc'>1</span> <span class='ocrx_word' id='word_1_17' title='bbox 259 555 398 619; x_wconf 82' lang='lat' dir='ltr'>totidem</span> <span class='ocrx_word' id='word_1_18' title='bbox 416 574 479 634; x_wconf 88' lang='lat' dir='ltr'>pro</span> <span class='ocrx_word' id='word_1_19' title='bbox 500 550 661 613; x_wconf 82' lang='lat' dir='ltr'><strong>vermibus</strong></span> <span class='ocrx_word' id='word_1_20' title='bbox 683 552 928 631; x_wconf 62' lang='lat' dir='ltr'>(emathionis</span> <span class='ocrx_word' id='word_1_21' title='bbox 947 552 1010 613; x_wconf 90' lang='lat' dir='ltr'>sibi</span> <span class='ocrx_word' id='word_1_22' title='bbox 1030 554 1175 631; x_wconf 68' lang='lat' dir='ltr'>dictis),a</span> 
     </span>
    </p>
   </div>
   <div class='ocr_carea' id='block_1_4' title="bbox 256 662 1207 1665">
    <p class='ocr_par' dir='ltr' id='par_1_4' title="bbox 256 662 1207 1665">
     <span class='ocr_line' id='line_1_5' title="bbox 258 662 1174 752; baseline -0.009 -21"><span class='ocrx_word' id='word_1_23' title='bbox 258 672 414 731; x_wconf 87' lang='lat' dir='ltr'>Taeniam</span> <span class='ocrx_word' id='word_1_24' title='bbox 433 672 592 752; x_wconf 79' lang='lat' dir='ltr'>integram</span> <span class='ocrx_word' id='word_1_25' title='bbox 610 687 674 745; x_wconf 91' lang='lat' dir='ltr'>pro</span> <span class='ocrx_word' id='word_1_26' title='bbox 694 670 850 727; x_wconf 86' lang='lat' dir='ltr'>vermium</span> <span class='ocrx_word' id='word_1_27' title='bbox 867 672 1006 729; x_wconf 88' lang='lat' dir='ltr'>istomrn</span> <span class='ocrx_word' id='word_1_28' title='bbox 1023 682 1129 728; x_wconf 88' lang='lat' dir='ltr'>mutuo</span> <span class='ocrx_word' id='word_1_29' title='bbox 1142 662 1174 723; x_wconf 74' lang='lat' dir='ltr'>u·</span> 
     </span>
     <span class='ocr_line' id='line_1_6' title="bbox 257 758 1207 858; baseline -0.006 -11"><span class='ocrx_word' id='word_1_30' title='bbox 257 758 451 847; x_wconf 73' lang='lat' dir='ltr'>iniimuuin</span> <span class='ocrx_word' id='word_1_31' title='bbox 470 798 503 844; x_wconf 89' lang='lat' dir='ltr'>et</span> <span class='ocrx_word' id='word_1_32' title='bbox 522 779 759 842; x_wconf 86' lang='lat' dir='ltr'>inhaerentium</span> <span class='ocrx_word' id='word_1_33' title='bbox 779 797 891 843; x_wconf 85' lang='lat' dir='ltr'>catena</span> <span class='ocrx_word' id='word_1_34' title='bbox 909 780 1072 858; x_wconf 85' lang='lat' dir='ltr'>habuisse,</span> <span class='ocrx_word' id='word_1_35' title='bbox 1092 778 1176 841; x_wconf 72' lang='lat' dir='ltr'>incili!</span> <span class='ocrx_word' id='word_1_36' title='bbox 1203 830 1207 841; x_wconf 90' lang='lat'><strong><em>.</em></strong></span> 
     </span>
     <span class='ocr_line' id='line_1_7' title="bbox 260 894 1173 979; baseline -0.013 -16"><span class='ocrx_word' id='word_1_37' title='bbox 260 902 403 963; x_wconf 81' lang='lat' dir='ltr'>excusari</span> <span class='ocrx_word' id='word_1_38' title='bbox 428 912 545 979; x_wconf 81' lang='lat' dir='ltr'>potest</span> <span class='ocrx_word' id='word_1_39' title='bbox 594 896 642 956; x_wconf 88' lang='lat' dir='ltr'>Ex</span> <span class='ocrx_word' id='word_1_40' title='bbox 661 914 728 978; x_wconf 88' lang='lat' dir='ltr'>quo</span> <span class='ocrx_word' id='word_1_41' title='bbox 758 912 866 957; x_wconf 86' lang='lat' dir='ltr'>autem</span> <span class='ocrx_word' id='word_1_42' title='bbox 890 896 1038 961; x_wconf 86' lang='lat' dir='ltr'>Taeniae</span> <span class='ocrx_word' id='word_1_43' title='bbox 1066 894 1173 975; x_wconf 79' lang='lat' dir='ltr'>crput&#39;n</span> 
     </span>
     <span class='ocr_line' id='line_1_8' title="bbox 258 1004 1172 1089; baseline -0.007 -15"><span class='ocrx_word' id='word_1_44' title='bbox 258 1006 425 1089; x_wconf 87' lang='lat' dir='ltr'>omnibus,</span> <span class='ocrx_word' id='word_1_45' title='bbox 445 1010 565 1072; x_wconf 88' lang='lat' dir='ltr'>collum</span> <span class='ocrx_word' id='word_1_46' title='bbox 583 1028 654 1071; x_wconf 88' lang='lat' dir='ltr'>non</span> <span class='ocrx_word' id='word_1_47' title='bbox 674 1011 874 1073; x_wconf 85' lang='lat' dir='ltr'>articulatum</span> <span class='ocrx_word' id='word_1_48' title='bbox 892 1016 929 1071; x_wconf 89' lang='lat' dir='ltr'>in</span> <span class='ocrx_word' id='word_1_49' title='bbox 947 1014 1025 1073; x_wconf 85' lang='lat' dir='ltr'>satis</span> <span class='ocrx_word' id='word_1_50' title='bbox 1038 1004 1172 1072; x_wconf 76' lang='lat' dir='ltr'>multitol</span> 
     </span>
     <span class='ocr_line' id='line_1_9' title="bbox 257 1122 1172 1206; baseline -0.008 -16"><span class='ocrx_word' id='word_1_51' title='bbox 257 1131 362 1204; x_wconf 85' lang='lat' dir='ltr'>vium,</span> <span class='ocrx_word' id='word_1_52' title='bbox 390 1141 424 1187; x_wconf 85' lang='lat' dir='ltr'>et</span> <span class='ocrx_word' id='word_1_53' title='bbox 442 1123 605 1205; x_wconf 90' lang='lat' dir='ltr'>reliquum</span> <span class='ocrx_word' id='word_1_54' title='bbox 633 1128 832 1187; x_wconf 85' lang='lat' dir='ltr'>anteriorum</span> <span class='ocrx_word' id='word_1_55' title='bbox 860 1148 880 1187; x_wconf 93' lang='lat' dir='ltr'>a</span> <span class='ocrx_word' id='word_1_56' title='bbox 897 1124 1125 1206; x_wconf 71' lang='lat' dir='ltr'>posterioribus</span> <span class='ocrx_word' id='word_1_57' title='bbox 1138 1122 1172 1183; x_wconf 78' lang='lat' dir='ltr'>tlt·</span> 
     </span>
     <span class='ocr_line' id='line_1_10' title="bbox 257 1234 1172 1323; baseline -0.01 -16"><span class='ocrx_word' id='word_1_58' title='bbox 257 1248 379 1307; x_wconf 81' lang='lat' dir='ltr'>crimen</span> <span class='ocrx_word' id='word_1_59' title='bbox 386 1284 398 1318; x_wconf 95' lang='lat'>,</span> <span class='ocrx_word' id='word_1_60' title='bbox 426 1258 488 1300; x_wconf 89' lang='lat' dir='ltr'>nec</span> <span class='ocrx_word' id='word_1_61' title='bbox 507 1258 576 1300; x_wconf 88' lang='lat' dir='ltr'>non</span> <span class='ocrx_word' id='word_1_62' title='bbox 598 1243 742 1300; x_wconf 88' lang='lat' dir='ltr'>omnium</span> <span class='ocrx_word' id='word_1_63' title='bbox 761 1261 879 1318; x_wconf 89' lang='lat' dir='ltr'>nexus,</span> <span class='ocrx_word' id='word_1_64' title='bbox 904 1262 1017 1323; x_wconf 89' lang='lat' dir='ltr'>saepe,</span> <span class='ocrx_word' id='word_1_65' title='bbox 1036 1255 1074 1301; x_wconf 91' lang='lat' dir='ltr'>ut</span> <span class='ocrx_word' id='word_1_66' title='bbox 1090 1234 1172 1309; x_wconf 59' lang='lat' dir='ltr'>mom</span> 
     </span>
     <span class='ocr_line' id='line_1_11' title="bbox 257 1354 1172 1435; baseline -0.007 -15"><span class='ocrx_word' id='word_1_67' title='bbox 257 1357 400 1435; x_wconf 85' lang='lat' dir='ltr'>validus,</span> <span class='ocrx_word' id='word_1_68' title='bbox 425 1358 512 1416; x_wconf 86' lang='lat' dir='ltr'>etin</span> <span class='ocrx_word' id='word_1_69' title='bbox 532 1354 680 1415; x_wconf 89' lang='lat' dir='ltr'>omnibus</span> <span class='ocrx_word' id='word_1_70' title='bbox 702 1355 841 1417; x_wconf 79' lang='lat' dir='ltr'>articulis</span> <span class='ocrx_word' id='word_1_71' title='bbox 863 1355 985 1415; x_wconf 88' lang='lat' dir='ltr'>eodem</span> <span class='ocrx_word' id='word_1_72' title='bbox 1004 1354 1104 1415; x_wconf 84' lang='lat' dir='ltr'>modo</span> <span class='ocrx_word' id='word_1_73' title='bbox 1121 1368 1172 1413; x_wconf 71' lang='lat' dir='ltr'>our</span> 
     </span>
     <span class='ocr_line' id='line_1_12' title="bbox 256 1468 1173 1555; baseline -0.008 -21"><span class='ocrx_word' id='word_1_74' title='bbox 256 1488 405 1555; x_wconf 87' lang='lat' dir='ltr'>paratus,</span> <span class='ocrx_word' id='word_1_75' title='bbox 437 1490 500 1529; x_wconf 88' lang='lat' dir='ltr'>nec</span> <span class='ocrx_word' id='word_1_76' title='bbox 528 1468 732 1551; x_wconf 82' lang='lat' dir='ltr'>irregularis,</span> <span class='ocrx_word' id='word_1_77' title='bbox 767 1469 868 1553; x_wconf 86' lang='lat' dir='ltr'>qualis</span> <span class='ocrx_word' id='word_1_78' title='bbox 896 1468 1116 1531; x_wconf 77' lang='lat' dir='ltr'>ert-vermibus</span> <span class='ocrx_word' id='word_1_79' title='bbox 1131 1482 1173 1527; x_wconf 81' lang='grc' dir='ltr'>αι</span> 
     </span>
     <span class='ocr_line' id='line_1_13' title="bbox 256 1584 1173 1665; baseline -0.01 -16"><span class='ocrx_word' id='word_1_80' title='bbox 256 1589 394 1649; x_wconf 80' lang='lat' dir='ltr'>fortuito</span> <span class='ocrx_word' id='word_1_81' title='bbox 416 1587 593 1665; x_wconf 86' lang='lat' dir='ltr'>conjunctis</span> <span class='ocrx_word' id='word_1_82' title='bbox 615 1587 695 1645; x_wconf 90' lang='lat' dir='ltr'>oriri</span> <span class='ocrx_word' id='word_1_83' title='bbox 714 1584 894 1659; x_wconf 84' lang='lat' dir='ltr'>debuisset,</span> <span class='ocrx_word' id='word_1_84' title='bbox 914 1604 993 1645; x_wconf 78' lang='lat' dir='ltr'>vasa</span> <span class='ocrx_word' id='word_1_85' title='bbox 1014 1584 1135 1645; x_wconf 86' lang='lat' dir='ltr'>demun</span> <span class='ocrx_word' id='word_1_86' title='bbox 1147 1596 1173 1639; x_wconf 87' lang='lat' dir='ltr'>tt·</span> 
     </span>
    </p>
   </div>
   <div class='ocr_carea' id='block_1_5' title="bbox 256 1696 1174 1781">
    <p class='ocr_par' dir='ltr' id='par_1_5' title="bbox 256 1696 1174 1781">
     <span class='ocr_line' id='line_1_14' title="bbox 256 1696 1174 1781; baseline -0.009 -18"><span class='ocrx_word' id='word_1_87' title='bbox 256 1700 372 1763; x_wconf 88' lang='lat' dir='ltr'>ticulos</span> <span class='ocrx_word' id='word_1_88' title='bbox 392 1720 504 1761; x_wconf 89' lang='lat' dir='ltr'>omnes</span> <span class='ocrx_word' id='word_1_89' title='bbox 525 1720 592 1760; x_wconf 88' lang='lat' dir='ltr'>uno</span> <span class='ocrx_word' id='word_1_90' title='bbox 612 1702 741 1763; x_wconf 88' lang='lat' dir='ltr'>tramite</span> <span class='ocrx_word' id='word_1_91' title='bbox 760 1696 999 1781; x_wconf 82' lang='lat' dir='ltr'>percurrentia,</span> <span class='ocrx_word' id='word_1_92' title='bbox 1020 1720 1060 1759; x_wconf 86' lang='lat' dir='ltr'>ex</span> <span class='ocrx_word' id='word_1_93' title='bbox 1075 1696 1174 1781; x_wconf 71' lang='lat' dir='ltr'>quoin</span> 
     </span>
    </p>
   </div>
   <div class='ocr_carea' id='block_1_6' title="bbox 178 1810 1215 3847">
    <p class='ocr_par' dir='ltr' id='par_1_6' title="bbox 178 1810 1215 3739">
     <span class='ocr_line' id='line_1_15' title="bbox 256 1810 1174 1899; baseline -0.007 -22"><span class='ocrx_word' id='word_1_94' title='bbox 256 1820 388 1899; x_wconf 87' lang='lat' dir='ltr'>inquam</span> <span class='ocrx_word' id='word_1_95' title='bbox 414 1819 604 1891; x_wconf 86' lang='lat' dir='ltr'>innotuere,</span> <span class='ocrx_word' id='word_1_96' title='bbox 634 1818 795 1895; x_wconf 75' lang='lat' dir='ltr'>opinionis</span> <span class='ocrx_word' id='word_1_97' title='bbox 819 1813 903 1875; x_wconf 91' lang='lat' dir='ltr'>illius</span> <span class='ocrx_word' id='word_1_98' title='bbox 922 1810 1048 1877; x_wconf 83' lang='lat' dir='ltr'>falsitas</span> <span class='ocrx_word' id='word_1_99' title='bbox 1068 1824 1174 1891; x_wconf 73' lang='lat' dir='ltr'>nonpt</span> 
     </span>
     <span class='ocr_line' id='line_1_16' title="bbox 257 1928 1212 2013; baseline -0.007 -21"><span class='ocrx_word' id='word_1_100' title='bbox 257 1935 336 2007; x_wconf 89' lang='lat' dir='ltr'>tuit,</span> <span class='ocrx_word' id='word_1_101' title='bbox 356 1933 436 2013; x_wconf 88' lang='lat' dir='ltr'>quin</span> <span class='ocrx_word' id='word_1_102' title='bbox 456 1929 604 1991; x_wconf 88' lang='lat' dir='ltr'>omnibus</span> <span class='ocrx_word' id='word_1_103' title='bbox 623 1945 769 2010; x_wconf 88' lang='lat' dir='ltr'>pateret,</span> <span class='ocrx_word' id='word_1_104' title='bbox 788 1945 827 1991; x_wconf 88' lang='lat' dir='ltr'>ut</span> <span class='ocrx_word' id='word_1_105' title='bbox 845 1929 942 2010; x_wconf 82' lang='lat' dir='ltr'>plura</span> <span class='ocrx_word' id='word_1_106' title='bbox 963 1930 1010 1991; x_wconf 85' lang='lat' dir='ltr'>de</span> <span class='ocrx_word' id='word_1_107' title='bbox 1032 1928 1175 1991; x_wconf 80' lang='lat' dir='ltr'>eademi·</span> <span class='ocrx_word' id='word_1_108' title='bbox 1210 1932 1212 1961; x_wconf 79' lang='lat'>²</span> 
     </span>
     <span class='ocr_line' id='line_1_17' title="bbox 255 2040 1212 2129; baseline -0.001 -24"><span class='ocrx_word' id='word_1_109' title='bbox 255 2047 341 2109; x_wconf 84' lang='lat' dir='ltr'>ferre</span> <span class='ocrx_word' id='word_1_110' title='bbox 361 2048 479 2129; x_wconf 83' lang='lat' dir='ltr'>pigeat</span> <span class='ocrx_word' id='word_1_111' title='bbox 511 2040 637 2105; x_wconf 83' lang='lat' dir='ltr'>Nexum</span> <span class='ocrx_word' id='word_1_112' title='bbox 655 2064 735 2105; x_wconf 86' lang='lat' dir='ltr'>vero</span> <span class='ocrx_word' id='word_1_113' title='bbox 757 2043 967 2105; x_wconf 88' lang='lat' dir='ltr'>articulorum</span> <span class='ocrx_word' id='word_1_114' title='bbox 983 2045 1078 2127; x_wconf 87' lang='lat' dir='ltr'>quod</span> <span class='ocrx_word' id='word_1_115' title='bbox 1091 2043 1173 2113; x_wconf 68' lang='lat' dir='ltr'>sitm</span> <span class='ocrx_word' id='word_1_116' title='bbox 1210 2040 1212 2053; x_wconf 91' lang='lat'>&#39;</span> 
     </span>
     <span class='ocr_line' id='line_1_18' title="bbox 254 2148 1173 2246; baseline -0.005 -23"><span class='ocrx_word' id='word_1_117' title='bbox 254 2164 434 2246; x_wconf 76' lang='lat' dir='ltr'>generatim</span> <span class='ocrx_word' id='word_1_118' title='bbox 460 2159 592 2241; x_wconf 89' lang='lat' dir='ltr'>quidem</span> <span class='ocrx_word' id='word_1_119' title='bbox 623 2162 668 2219; x_wconf 88' lang='lat' dir='ltr'>ita</span> <span class='ocrx_word' id='word_1_120' title='bbox 695 2160 898 2240; x_wconf 78' lang='lat' dir='ltr'>comparatus</span> <span class='ocrx_word' id='word_1_121' title='bbox 925 2174 994 2237; x_wconf 91' lang='lat' dir='ltr'>est,</span> <span class='ocrx_word' id='word_1_122' title='bbox 1026 2176 1064 2221; x_wconf 91' lang='lat' dir='ltr'>ut</span> <span class='ocrx_word' id='word_1_123' title='bbox 1089 2148 1173 2218; x_wconf 68' lang='lat' dir='ltr'>artiori</span> 
     </span>
     <span class='ocr_line' id='line_1_19' title="bbox 251 2274 1213 2359; baseline -0.006 -22"><span class='ocrx_word' id='word_1_124' title='bbox 251 2278 369 2359; x_wconf 88' lang='lat' dir='ltr'>prioris</span> <span class='ocrx_word' id='word_1_125' title='bbox 391 2294 503 2357; x_wconf 84' lang='lat' dir='ltr'>margo</span> <span class='ocrx_word' id='word_1_126' title='bbox 524 2278 687 2352; x_wconf 87' lang='lat' dir='ltr'>posterior</span> <span class='ocrx_word' id='word_1_127' title='bbox 708 2277 904 2335; x_wconf 88' lang='lat' dir='ltr'>anteriorem</span> <span class='ocrx_word' id='word_1_128' title='bbox 918 2276 1119 2357; x_wconf 87' lang='lat' dir='ltr'>insequentis</span> <span class='ocrx_word' id='word_1_129' title='bbox 1134 2286 1171 2329; x_wconf 80' lang='lat' dir='ltr'>tr·</span> <span class='ocrx_word' id='word_1_130' title='bbox 1207 2274 1213 2331; x_wconf 91' lang='lat'>.&#39;</span> 
     </span>
     <span class='ocr_line' id='line_1_20' title="bbox 252 2382 1211 2475; baseline -0.006 -24"><span class='ocrx_word' id='word_1_131' title='bbox 252 2392 429 2475; x_wconf 85' lang='lat' dir='ltr'>plectatur,</span> <span class='ocrx_word' id='word_1_132' title='bbox 451 2403 483 2448; x_wconf 91' lang='lat' dir='ltr'>et</span> <span class='ocrx_word' id='word_1_133' title='bbox 502 2388 573 2467; x_wconf 90' lang='lat' dir='ltr'>plus</span> <span class='ocrx_word' id='word_1_134' title='bbox 594 2392 699 2447; x_wconf 90' lang='lat' dir='ltr'>minus</span> <span class='ocrx_word' id='word_1_135' title='bbox 721 2387 869 2471; x_wconf 61' lang='lat' dir='ltr'>obtegam</span> <span class='ocrx_word' id='word_1_136' title='bbox 896 2390 956 2450; x_wconf 89' lang='lat' dir='ltr'>sed</span> <span class='ocrx_word' id='word_1_137' title='bbox 977 2412 1041 2469; x_wconf 90' lang='lat' dir='ltr'>pro</span> <span class='ocrx_word' id='word_1_138' title='bbox 1063 2382 1170 2450; x_wconf 82' lang='lat' dir='ltr'>articulo</span> <span class='ocrx_word' id='word_1_139' title='bbox 1205 2388 1211 2423; x_wconf 86' lang='lat'>&#39;-</span> 
     </span>
     <span class='ocr_line' id='line_1_21' title="bbox 253 2500 1169 2582; baseline -0.012 -12"><span class='ocrx_word' id='word_1_140' title='bbox 253 2531 325 2570; x_wconf 92' lang='lat' dir='ltr'>rum</span> <span class='ocrx_word' id='word_1_141' title='bbox 344 2507 450 2566; x_wconf 85' lang='lat' dir='ltr'>lorma</span> <span class='ocrx_word' id='word_1_142' title='bbox 479 2520 511 2565; x_wconf 92' lang='lat' dir='ltr'>et</span> <span class='ocrx_word' id='word_1_143' title='bbox 535 2518 637 2563; x_wconf 89' lang='lat' dir='ltr'>aetate</span> <span class='ocrx_word' id='word_1_144' title='bbox 657 2502 840 2582; x_wconf 86' lang='lat' dir='ltr'>multopere</span> <span class='ocrx_word' id='word_1_145' title='bbox 861 2507 981 2579; x_wconf 85' lang='lat' dir='ltr'>variat,</span> <span class='ocrx_word' id='word_1_146' title='bbox 1010 2522 1047 2567; x_wconf 87' lang='lat' dir='ltr'>ut</span> <span class='ocrx_word' id='word_1_147' title='bbox 1066 2508 1096 2563; x_wconf 87' lang='lat' dir='ltr'>in</span> <span class='ocrx_word' id='word_1_148' title='bbox 1114 2500 1169 2577; x_wconf 69' lang='lat' dir='ltr'>ellip</span> 
     </span>
     <span class='ocr_line' id='line_1_22' title="bbox 251 2614 1211 2700; baseline -0.013 -17"><span class='ocrx_word' id='word_1_149' title='bbox 251 2627 320 2683; x_wconf 89' lang='lat' dir='ltr'>ticis</span> <span class='ocrx_word' id='word_1_150' title='bbox 340 2643 368 2681; x_wconf 88' lang='lat' dir='ltr'>v.</span> <span class='ocrx_word' id='word_1_151' title='bbox 390 2641 416 2678; x_wconf 82' lang='lat' dir='ltr'>c.</span> <span class='ocrx_word' id='word_1_152' title='bbox 436 2617 489 2678; x_wconf 92' lang='lat' dir='ltr'>vel</span> <span class='ocrx_word' id='word_1_153' title='bbox 517 2614 784 2677; x_wconf 83' lang='lat' dir='ltr'>moniliformibus</span> <span class='ocrx_word' id='word_1_154' title='bbox 811 2638 879 2679; x_wconf 91' lang='lat' dir='ltr'>non</span> <span class='ocrx_word' id='word_1_155' title='bbox 900 2640 1007 2700; x_wconf 84' lang='lat' dir='ltr'>aeque</span> <span class='ocrx_word' id='word_1_156' title='bbox 1027 2620 1113 2681; x_wconf 78' lang='lat' dir='ltr'>fortis</span> <span class='ocrx_word' id='word_1_157' title='bbox 1128 2628 1168 2674; x_wconf 78' lang='lat' dir='ltr'>esst</span> <span class='ocrx_word' id='word_1_158' title='bbox 1203 2632 1211 2657; x_wconf 76' lang='grc'>’-</span> 
     </span>
     <span class='ocr_line' id='line_1_23' title="bbox 251 2729 1214 2820; baseline -0.012 -24"><span class='ocrx_word' id='word_1_159' title='bbox 251 2751 366 2820; x_wconf 89' lang='lat' dir='ltr'>queat,</span> <span class='ocrx_word' id='word_1_160' title='bbox 388 2754 425 2792; x_wconf 84' lang='lat' dir='ltr'>sc</span> <span class='ocrx_word' id='word_1_161' title='bbox 445 2737 479 2791; x_wconf 90' lang='lat' dir='ltr'>in</span> <span class='ocrx_word' id='word_1_162' title='bbox 499 2733 660 2812; x_wconf 83' lang='lat' dir='ltr'>quadratis</span> <span class='ocrx_word' id='word_1_163' title='bbox 682 2747 715 2791; x_wconf 89' lang='lat' dir='ltr'>et</span> <span class='ocrx_word' id='word_1_164' title='bbox 734 2729 919 2807; x_wconf 86' lang='lat' dir='ltr'>latioribus,</span> <span class='ocrx_word' id='word_1_165' title='bbox 942 2751 974 2795; x_wconf 90' lang='lat' dir='ltr'>et</span> <span class='ocrx_word' id='word_1_166' title='bbox 996 2740 1031 2795; x_wconf 91' lang='lat' dir='ltr'>in</span> <span class='ocrx_word' id='word_1_167' title='bbox 1050 2731 1167 2815; x_wconf 81' lang='lat' dir='ltr'>pos&#39;totio·</span> <span class='ocrx_word' id='word_1_168' title='bbox 1205 2748 1214 2773; x_wconf 93' lang='grc'>·-</span> 
     </span>
     <span class='ocr_line' id='line_1_24' title="bbox 178 2832 1206 2930; baseline -0.01 -17"><span class='ocrx_word' id='word_1_169' title='bbox 178 2832 185 2843; x_wconf 44' lang='lat'>⁵</span> <span class='ocrx_word' id='word_1_170' title='bbox 250 2851 338 2913; x_wconf 87' lang='lat' dir='ltr'>ribus</span> <span class='ocrx_word' id='word_1_171' title='bbox 358 2847 411 2909; x_wconf 89' lang='lat' dir='ltr'>vel</span> <span class='ocrx_word' id='word_1_172' title='bbox 430 2844 658 2908; x_wconf 84' lang='lat' dir='ltr'>maturioribus</span> <span class='ocrx_word' id='word_1_173' title='bbox 682 2863 714 2907; x_wconf 88' lang='lat' dir='ltr'>et</span> <span class='ocrx_word' id='word_1_174' title='bbox 737 2851 827 2928; x_wconf 87' lang='lat' dir='ltr'>quasi</span> <span class='ocrx_word' id='word_1_175' title='bbox 842 2848 1015 2930; x_wconf 88' lang='lat' dir='ltr'>decrepitis</span> <span class='ocrx_word' id='word_1_176' title='bbox 1030 2848 1114 2911; x_wconf 88' lang='lat' dir='ltr'>simul</span> <span class='ocrx_word' id='word_1_177' title='bbox 1129 2860 1165 2903; x_wconf 86' lang='lat' dir='ltr'>nt·</span> <span class='ocrx_word' id='word_1_178' title='bbox 1201 2844 1206 2885; x_wconf 72' lang='lat'>²</span> 
     </span>
     <span class='ocr_line' id='line_1_25' title="bbox 250 2957 1164 3052; baseline -0.01 -24"><span class='ocrx_word' id='word_1_179' title='bbox 250 2973 298 3052; x_wconf 82' lang='lat' dir='ltr'>gis</span> <span class='ocrx_word' id='word_1_180' title='bbox 325 2968 490 3047; x_wconf 86' lang='lat' dir='ltr'>magisque</span> <span class='ocrx_word' id='word_1_181' title='bbox 519 2961 669 3039; x_wconf 90' lang='lat' dir='ltr'>tollatur,</span> <span class='ocrx_word' id='word_1_182' title='bbox 703 2964 790 3023; x_wconf 84' lang='lat' dir='ltr'>unde</span> <span class='ocrx_word' id='word_1_183' title='bbox 812 2961 927 3023; x_wconf 89' lang='lat' dir='ltr'>horum</span> <span class='ocrx_word' id='word_1_184' title='bbox 948 2964 1078 3044; x_wconf 84' lang='lat' dir='ltr'>plurimi</span> <span class='ocrx_word' id='word_1_185' title='bbox 1097 2957 1164 3043; x_wconf 70' lang='lat' dir='ltr'>(velli</span> 
     </span>
     <span class='ocr_line' id='line_1_26' title="bbox 249 3078 1204 3160; baseline -0.013 -15"><span class='ocrx_word' id='word_1_186' title='bbox 249 3083 329 3145; x_wconf 83' lang='lat' dir='ltr'>lolia</span> <span class='ocrx_word' id='word_1_187' title='bbox 348 3081 535 3160; x_wconf 77' lang='lat' dir='ltr'>fructusque</span> <span class='ocrx_word' id='word_1_188' title='bbox 556 3078 595 3138; x_wconf 88' lang='lat' dir='ltr'>ab</span> <span class='ocrx_word' id='word_1_189' title='bbox 618 3078 735 3139; x_wconf 87' lang='lat' dir='ltr'>arbore</span> <span class='ocrx_word' id='word_1_190' title='bbox 757 3080 921 3159; x_wconf 84' lang='lat' dir='ltr'>cadentis)</span> <span class='ocrx_word' id='word_1_191' title='bbox 943 3080 1076 3141; x_wconf 87' lang='lat' dir='ltr'>solitarii</span> <span class='ocrx_word' id='word_1_192' title='bbox 1094 3092 1163 3139; x_wconf 76' lang='lat' dir='ltr'>ercet</span> <span class='ocrx_word' id='word_1_193' title='bbox 1198 3078 1204 3113; x_wconf 73' lang='lat'><em>³</em></span> 
     </span>
     <span class='ocr_line' id='line_1_27' title="bbox 248 3190 1164 3277; baseline -0.015 -15"><span class='ocrx_word' id='word_1_194' title='bbox 248 3214 378 3263; x_wconf 73' lang='lat' dir='ltr'>nuntur.</span> <span class='ocrx_word' id='word_1_195' title='bbox 418 3196 455 3256; x_wconf 88' lang='lat' dir='ltr'>In</span> <span class='ocrx_word' id='word_1_196' title='bbox 476 3190 668 3277; x_wconf 83' lang='lat' dir='ltr'>quibusdam</span> <span class='ocrx_word' id='word_1_197' title='bbox 688 3210 856 3274; x_wconf 82' lang='lat' dir='ltr'>praeterea</span> <span class='ocrx_word' id='word_1_198' title='bbox 876 3217 903 3254; x_wconf 88' lang='lat' dir='ltr'>v.</span> <span class='ocrx_word' id='word_1_199' title='bbox 926 3216 952 3255; x_wconf 84' lang='lat' dir='ltr'>c.</span> <span class='ocrx_word' id='word_1_200' title='bbox 982 3194 1106 3253; x_wconf 83' lang='lat' dir='ltr'>Taenia</span> <span class='ocrx_word' id='word_1_201' title='bbox 1115 3190 1164 3269; x_wconf 63' lang='lat' dir='ltr'>ffb</span> 
     </span>
     <span class='ocr_line' id='line_1_28' title="bbox 246 3296 1203 3394; baseline -0.011 -21"><span class='ocrx_word' id='word_1_202' title='bbox 246 3315 329 3394; x_wconf 78' lang='lat' dir='ltr'>gili,</span> <span class='ocrx_word' id='word_1_203' title='bbox 351 3315 536 3392; x_wconf 79' lang='lat' dir='ltr'>interrupta</span> <span class='ocrx_word' id='word_1_204' title='bbox 558 3325 615 3369; x_wconf 83' lang='lat' dir='ltr'>etc.</span> <span class='ocrx_word' id='word_1_205' title='bbox 646 3308 768 3368; x_wconf 80' lang='lat' dir='ltr'>fabrica</span> <span class='ocrx_word' id='word_1_206' title='bbox 789 3314 962 3371; x_wconf 85' lang='lat' dir='ltr'>tenerrima</span> <span class='ocrx_word' id='word_1_207' title='bbox 982 3331 1094 3371; x_wconf 81' lang='lat' dir='ltr'>nexum</span> <span class='ocrx_word' id='word_1_208' title='bbox 1110 3296 1162 3363; x_wconf 77' lang='lat' dir='ltr'>leol·</span> <span class='ocrx_word' id='word_1_209' title='bbox 1197 3310 1203 3337; x_wconf 91' lang='lat'>·&#39;</span> 
     </span>
     <span class='ocr_line' id='line_1_29' title="bbox 246 3412 1202 3489; baseline -0.005 0"><span class='ocrx_word' id='word_1_210' title='bbox 246 3428 322 3489; x_wconf 85' lang='lat' dir='ltr'>lime</span> <span class='ocrx_word' id='word_1_211' title='bbox 352 3425 456 3489; x_wconf 74' lang='lat' dir='ltr'>solvit.</span> <span class='ocrx_word' id='word_1_212' title='bbox 504 3420 554 3484; x_wconf 90' lang='lat' dir='ltr'>De</span> <span class='ocrx_word' id='word_1_213' title='bbox 575 3430 729 3484; x_wconf 83' lang='lat' dir='ltr'>varietate</span> <span class='ocrx_word' id='word_1_214' title='bbox 758 3423 966 3484; x_wconf 82' lang='lat' dir='ltr'>articulorum</span> <span class='ocrx_word' id='word_1_215' title='bbox 992 3412 1161 3484; x_wconf 68' lang='lat' dir='ltr'>memorabili</span> <span class='ocrx_word' id='word_1_216' title='bbox 1196 3420 1202 3455; x_wconf 46' lang='lat'>¹·</span> 
     </span>
     <span class='ocr_line' id='line_1_30' title="bbox 245 3525 1215 3625; baseline -0.011 -23"><span class='ocrx_word' id='word_1_217' title='bbox 245 3563 310 3625; x_wconf 88' lang='lat' dir='ltr'>qua</span> <span class='ocrx_word' id='word_1_218' title='bbox 342 3539 405 3598; x_wconf 83' lang='lat' dir='ltr'>alio</span> <span class='ocrx_word' id='word_1_219' title='bbox 437 3540 538 3603; x_wconf 88' lang='lat' dir='ltr'>modo</span> <span class='ocrx_word' id='word_1_220' title='bbox 573 3544 720 3615; x_wconf 71' lang='lat' dir='ltr'>connecti</span> <span class='ocrx_word' id='word_1_221' title='bbox 749 3540 920 3605; x_wconf 69' lang='lat' dir='ltr'>videantur</span> <span class='ocrx_word' id='word_1_222' title='bbox 954 3544 989 3605; x_wconf 78' lang='lat' dir='ltr'>iu</span> <span class='ocrx_word' id='word_1_223' title='bbox 1025 3541 1097 3619; x_wconf 80' lang='lat' dir='ltr'>Cap.</span> <span class='ocrx_word' id='word_1_224' title='bbox 1118 3525 1159 3592; x_wconf 78' lang='lat' dir='ltr'>lll-</span> <span class='ocrx_word' id='word_1_225' title='bbox 1194 3532 1215 3577; x_wconf 75' lang='lat'>³³</span> 
     </span>
     <span class='ocr_line' id='line_1_31' title="bbox 244 3648 1201 3739; baseline -0.007 -23"><span class='ocrx_word' id='word_1_226' title='bbox 244 3661 271 3737; x_wconf 69' lang='grc' dir='ltr'>ς.</span> <span class='ocrx_word' id='word_1_227' title='bbox 291 3666 320 3729; x_wconf 80' lang='grc'>5.</span> <span class='ocrx_word' id='word_1_228' title='bbox 341 3677 442 3739; x_wconf 76' lang='lat' dir='ltr'>agam.</span> <span class='ocrx_word' id='word_1_229' title='bbox 1194 3648 1201 3659; x_wconf 75' lang='grc'><strong>“</strong></span> 
     </span>
    </p>

    <p class='ocr_par' dir='ltr' id='par_1_7' title="bbox 1111 3760 1215 3847">
     <span class='ocr_line' id='line_1_32' title="bbox 1111 3760 1215 3847; baseline 0.01 -41"><span class='ocrx_word' id='word_1_230' title='bbox 1111 3762 1160 3847; x_wconf 57' lang='grc' dir='ltr'>μ</span> <span class='ocrx_word' id='word_1_231' title='bbox 1194 3760 1215 3807; x_wconf 69' lang='lat' dir='ltr'>&#39;rs</span> 
     </span>
    </p>
   </div>
   <div class='ocr_carea' id='block_1_7' title="bbox 0 0 1228 4644">
    <p class='ocr_par' dir='ltr' id='par_1_8' title="bbox 0 0 1228 4644">
     <span class='ocr_line' id='line_1_33' title="bbox 0 0 1228 4644; baseline 0 4"><span class='ocrx_word' id='word_1_232' title='bbox 0 0 1228 4644; x_wconf 95' lang='lat' dir='ltr'> </span> 
     </span>
    </p>
   </div>
  </div>
 </body>
</html>
