2476 4642
156 258 193 304 12

184 399 361 482 formiter,
389 384 487 457 Stiick
512 412 562 456 ns.
583 397 705 476 (1787.)
732 416 764 476 p.
786 394 900 468 33-86.
922 394 942 435 ⁴‘
1001 397 1115 460 Brevis

193 517 352 577 vermium
383 524 451 571 tum
483 511 639 589 temporis
673 514 892 594 cognitorum,
933 512 1115 576 secundum

171 644 274 711 -qnas
301 623 478 687 inhabitent
502 620 641 699 bestias,
681 628 931 710 synonymisqua
962 626 1114 706 adjectis,

128 748 133 754 “
192 714 407 816 enumeratioj
432 736 532 799 laude
553 738 659 822 digna.
706 741 847 802 Primum
868 737 958 821 hujus
973 741 1115 824 'generis

188 857 362 917 testamen.
398 840 414 851 ”
543 930 545 934 ¹
864 855 867 862 '

35 998 38 1003 ¹
150 982 197 1029 st.
225 966 396 1031 Lectiones
415 967 574 1052 publicae
594 967 638 1049 de
661 968 822 1031 vermibus
856 968 1114 1049 intestinalibus,

186 1082 334 1161 inprimis
355 1079 519 1161 humanis,
559 1103 637 1166 quas
657 1081 768 1144 habuit
795 1083 952 1145 Andars
980 1086 997 1144 J
1006 1083 1113 1150 ethan

178 1172 357 1275 ,lietzinis
378 1198 486 1273 Holm.
510 1199 596 1278 1786.
616 1204 664 1268 55.
684 1219 717 1280 p.
737 1207 768 1270 8.
789 1196 810 1239 ⁴¹
921 1280 923 1292 Ι

128 1374 132 1381 λ
297 1313 441 1375 Recusse
458 1316 493 1374 in
511 1312 538 1375 J.
560 1315 670 1375 Petri
688 1310 818 1379 Frank
839 1312 981 1377 delectus
994 1334 1110 1397 opusc.-

119 1431 122 1441 '
188 1424 602 1525 xnredic‚or.Vol.1X.n.
626 1447 655 1489 ι.
864 1418 865 1423 ’

296 1543 419 1611 Auctor
437 1545 472 1604 in
491 1539 661 1626 generibus
684 1557 717 1602 et
739 1541 905 1622 speciebus
927 1546 1109 1611 condendis

224 1658 467 1723 Linnaeano
494 1675 586 1721 more
606 1659 699 1717 nimis
726 1677 861 1737 parcus,
896 1657 998 1720 bonas
1021 1678 1109 1724 cete-

101 1782 104 1801 ¹
148 1830 153 1849 ,
223 1775 344 1854 soquin
364 1769 601 1837 observationes
622 1771 766 1853 profert,
792 1786 825 1833 et
844 1770 1039 1874 hypothesin
1063 1776 1108 1838 de

142 1932 144 1937 -
223 1884 385 1963 vermibus
405 1889 582 1970 congenitis
603 1885 789 1964 (oculorum
810 1907 873 1965 ope
893 1886 1016 1949 scilicet
1034 1888 1106 1950 foe·

15 1998 23 2013 ‘
120 2074 128 2087 ,
161 2056 164 2065 .
222 2004 271 2065 tui
291 2000 473 2082 tradendis)
494 2003 686 2088 argumentis
705 1976 773 2066 non
788 2003 1032 2069 contemnendis
1044 2007 1104 2065 im·

245 2140 268 2181 u
315 2132 358 2179 st.
547 2128 550 2133 '
897 2158 904 2169 ι

128 2199 191 2341 'sas
211 2137 429 2305 degimus
464 2231 525 2293 der
549 2229 658 2297 bisher
683 2186 876 2317 hinlinglich
911 2233 1104 2298 bekannten

178 2346 548 2431 Etsgasatdswnrmer,
565 2344 662 2411 nebst
681 2351 771 2411 einer
784 2347 997 2430 Abhsndlung
1017 2346 1102 2408 tiber

178 2456 250 2523 ihre
269 2459 640 2527 Anvervvandtscheften.
660 2464 745 2524 Vom
763 2461 888 2523 Franz
907 2482 985 2525 von
1003 2463 1101 2524 Pau·

176 2576 218 2647 ts
247 2570 435 2641 Schrsnk.
472 2575 636 2641 Mtinchen
664 2586 747 2655 1788.
779 2575 850 2637 ΧΠ.
873 2592 906 2640 et
928 2576 992 2641 116.
1013 2598 1047 2658 p.
1067 2589 1098 2652 8.

179 2711 252 2750 cum
284 2689 349 2753 t‘ab.
385 2688 550 2753 affinitates
585 2693 740 2750 vermium
770 2693 900 2754 sistente
929 2697 965 2752 in
992 2690 1050 2754 fol.
1077 2695 1098 2734 *

175 2807 270 2888 Quos
299 2818 445 2867 auctores
474 2802 700 2880 descripserint
725 2800 849 2867 vermes
878 2810 915 2866 in
944 2808 1097 2868 ordinem

174 2921 327 3003 redigere
367 2918 488 2995 tentat,
528 2913 806 2979 observationibus
836 2923 983 2997 propriis
1027 2943 1096 2983 non

173 3002 355 3096 destitutus.
395 3032 537 3091 Primum
556 3030 649 3111 quod
668 3030 764 3092 laude
785 3030 917 3113 dignum
934 3035 974 3091 sit
994 3052 1096 3116 syste-

173 3169 235 3211 ma.
277 3146 406 3204 Genera
426 3146 594 3204 enumerat
610 3145 699 3221 XIV,
719 3164 858 3227 quorum
879 3144 962 3220 duo,
983 3145 1095 3209 Festu-

174 3261 278 3320 cariae
303 3271 335 3316 et
353 3254 502 3332 alariae,
530 3278 548 3317 a
569 3279 602 3319 se
624 3259 767 3330 condita;
796 3262 916 3340 species
941 3269 1012 3341 157,
1035 3265 1093 3324 du-

172 3373 233 3451 biis
255 3371 379 3455 aliquot
398 3372 524 3435 additis.
563 3373 794 3441 Innominihus
814 3377 974 3456 ponendis
994 3379 1091 3439 Mel-

172 3487 304 3552 lerum
330 3492 532 3570 potissimum
551 3493 701 3572 sequitur.
739 3490 842 3555 Index
862 3495 1020 3552 vermium
1041 3515 1090 3555 se·

172 3603 328 3680 cundum,
350 3626 433 3687 quse
452 3602 650 3684 inhabitent,
678 3605 937 3669 animalia'simili
957 3629 1088 3691 quoque

170 3717 274 3779 modo
302 3720 348 3796 (n.
372 3722 440 3800 so.)
466 3719 603 3786 oblatus.
647 3721 843 3783 affinitatum
863 3722 955 3803 quod
975 3728 1087 3786 attinet
