2446 4644
949 216 1006 279 281

112 384 199 446 recte.
214 368 364 443 tradidit,
396 386 459 429 nec
483 373 554 451 ipae
579 388 723 451 unquam
742 368 795 451 fila
819 368 920 431 libera
940 376 1012 447 (nisi

112 489 174 547 uiis
193 488 317 549 incuria
338 498 369 543 et
394 485 519 545 rudiori
544 487 764 547 attrectatione
784 506 821 569 ea
840 500 931 566 parte
951 460 1012 548 di's-

112 604 171 678 ·tia)
194 598 350 659 fluctuare
387 600 468 675 vidi,
502 600 559 660 ted
586 598 774 665 ultimorum
797 601 926 661 tandem
946 602 1013 662 lila-

112 732 241 779 utorum
262 716 407 799 glomero
426 715 572 775 subtilius
604 714 775 795 explicato,
800 713 880 775 haec
898 716 1012 777 nullibi

112 828 197 905 ayel
220 828 333 903 divisa,
362 831 454 890 sed
445 850 479 890 ιιι
504 850 614 890 arcum
636 833 722 891 coire
743 828 886 891 distincte
907 831 1013 895 obser·
1143 890 1148 901 ,

112 945 398 1005 LAnestomascs
424 947 534 1025 itaquo
568 959 600 1004 et
617 948 697 1017 rami
718 943 910 1006 Wernero
937 949 1012 1017 dicti

112 1059 214 1119 adieri
234 1059 461 1130 solummodo,
491 1074 546 1119 aut
564 1063 679 1121 vermis
700 1062 812 1139 spiritu
831 1064 896 1121 vini
917 1083 1014 1122 asser·

112 1178 142 1243 i,
161 1154 409 1253 praeparatione
429 1187 536 1235 ortum
557 1172 681 1233 duxisse
696 1175 851 1235 videntur.
890 1176 920 1233 T
928 1197 1013 1261 yso

112 1307 133 1347 a
153 1291 260 1349 ovaria
279 1288 415 1367 simplici
435 1287 552 1368 copula
577 1291 666 1349 unita
687 1274 845 1367 depinxit3
866 1288 1013 1353 Vallia·

112 1408 233 1476 erius,
263 1424 296 1463 ae
316 1404 466 1467 ultimum
491 1400 693 1464 vasculorum
723 1401 846 1485 glomus
872 1424 942 1465 non
963 1427 1011 1467 ex·

112 1528 193 1581 atre
202 1522 327 1599 potuita
299 1518 502 1586 ὲιοῐιιειιιις
525 1516 717 1577 Cuvierua
745 1517 857 1579 itidem
877 1521 1013 1621 (Lacona

112 1639 261 1695 netomie
282 1631 453 1713 comparee
479 1632 519 1691 T
539 1632 579 1691 V.
599 1651 632 1710 p.
657 1634 735 1711 187.)
761 1652 830 1693 non
850 1616 1014 1696 extricatio

112 1764 202 1822 etin,
231 1768 308 1809 nam
328 1749 453 1832 glomus
473 1745 567 1807 facile
575 1744 741 1829 explicati
756 1746 873 1823 refert,
900 1749 941 1808 de
959 1769 1014 1809 va-

112 1884 171 1923 um
192 1878 298 1925 autam
319 1862 381 1923 fine
411 1861 457 1921 nil
482 1860 615 1941 profert.
671 1846 737 1942 Qui
761 1876 928 1941 praeterea
947 1882 1015 1921 ver-

112 1999 149 2039 m
167 1983 261 2041 iatum
280 1978 497 2050 dissecuerint,
518 1993 587 2035 non
606 1974 779 2051 habentur,
811 1989 843 2035 et
860 1981 886 2035 is
909 1986 1015 2037 taimen
1103 2022 1107 2029 .

112 2095 181 2155 icus
202 2108 268 2168 eat,
280 2114 376 2175 quem
396 2092 438 2152 de
457 2090 615 2152 vermibus
625 2088 854 2165 intestinalibua
876 2105 1013 2175 agentes,
1114 2168 1118 2175 .

112 2208 248 2293 ytiologi
270 2208 405 2289 exempli
425 2210 524 2267 instar
544 2205 702 2271 adferunt.
1095 2182 1097 2189 ’

143 2324 323 2408 Longitndo
344 2298 441 2384 totius
463 2322 630 2403 ouidu'ctua
648 2340 709 2402 pro
727 2324 839 2382 vermis
857 2322 1016 2401 magnitu-

112 2456 142 2499 ,θ
158 2443 271 2514 variat,
299 2439 408 2519 plures
428 2451 553 2513 tamen,
581 2438 660 2521 quin
680 2435 699 2497 6
718 2434 770 2497 vel
788 2440 809 2502 8
827 2432 927 2514 pedes
946 2433 1016 2492 lon·

112 2552 207 2614 ndine
226 2569 366 2635 superat,

144 2669 324 2729 Ascaridem
350 2666 596 2728 lumbricoidem
616 2681 680 2726 tam
702 2663 891 2736 humanam,
919 2674 1017 2744 quam

112 2786 231 2859 linem,
263 2782 387 2843 suillam
414 2774 623 2849 etjbovinam
651 2782 835 2841 examinavi.
882 2774 1018 2838 Externa

112 2900 205 2960 adem
224 2874 308 2959 nota¹
330 2894 507 2978 eademque
530 2888 620 2956 'certa
641 2891 812 2955 humanam
839 2891 879 2952 ab
901 2895 1019 2972 equina

112 3015 209 3077 suilla
223 3016 372 3096 distingui
381 3030 449 3071 non
466 2990 562 3090 posse
577 3007 756 3068 Zederua
778 3002 1019 3078 (ErsterNach

112 3170 263 3203 b-v-

125 3269 291 3325 eottiliasimi
312 3269 347 3323 ed
365 3268 503 3342 intrigati,
520 3266 545 3321 ti
563 3264 717 3336 avvolgauo
737 3258 903 3335 intornou'al
922 3254 1019 3311 canale

112 3352 145 3419 {li
163 3358 304 3421 alimenti,
325 3378 339 3410 e
358 3378 418 3410 ιιοιι
437 3354 591 3427 terminano
607 3351 638 3405 in
654 3349 708 3401 due
729 3344 866 3401 estremith
885 3360 1019 3418 separate,

133 3442 258 3498 formano
279 3466 318 3499 un
338 3445 433 3499 canale
447 3441 588 3497 circolare.
625 3435 778 3491 Redium
797 3430 921 3486 canalem
935 3432 1020 3485 istum
1064 3446 1068 3465 ¹

116 3531 160 3588 ab.
180 3533 216 3586 X.
236 3534 294 3605 Fig,
315 3537 359 3602 3.)
379 3532 462 3585 nimis
483 3546 510 3583 et
529 3546 648 3581 craesum
675 3541 701 3577 et
719 3525 844 3583 brevem,
864 3516 913 3572 ted
934 3517 1021 3591 attill-

122 3618 212 3674 loraan
227 3622 320 3697 culpa,
339 3618 593 3693 xeddidisaepatet,
613 3613 674 3691 ipae
694 3611 770 3667 euim
788 3609 819 3664 in
830 3606 1034 3681 descriptione·

112 3709 204 3781 tjorem
223 3708 344 3782 agnovit.
