2476 4642
89 94 268 161 Bucholz
296 105 332 161 in
356 105 462 164 vesica
485 101 581 165 fellea
607 78 757 189 repertu)
777 105 836 173 suh
856 108 1043 175 Distomatis

36 290 53 303 μ
87 208 222 315 hepatiei
250 210 385 283 nomine
415 214 712 303 (Hehninthologie
744 224 778 299 p.
798 221 846 299 64
872 221 951 283 Tab.
973 224 1043 290 Vll.

86 326 147 413 teg.
170 341 219 406 13,
245 335 302 411 14.)
322 329 407 391 male
429 330 607 412 descripsit,
629 349 662 395 et
683 354 766 414 quae
789 334 845 395 cel
864 333 1042 400 Chabert

37 498 41 503 .
70 443 192 505 ¹olei
174 448 226 506 sui
248 449 513 529 empyreumatici
534 468 598 529 ope
619 469 637 509 a
656 448 786 527 puelle,
823 454 918 529 copia
944 473 1043 533 maur-

43 578 133 647 :uta
160 559 317 621 deorsum
354 559 496 641 depulit,
538 565 895 646 (utraquepossideo.)
932 569 1040 625 omnia

54 668 215 755 {parvula
242 689 334 749 sunt,
375 691 411 735 ut
437 696 500 755 pro
522 681 629 756 specie
648 698 735 741 nova
759 676 841 738 olim·
856 677 1039 739 venditave-

33 820 39 827 ·
79 792 141 847 rim
168 789 347 869 (Wiedem.
372 787 500 851 Archiv.
526 788 632 857 1112
651 813 683 872 p.
706 796 789 872 24),
799 788 803 793 ’
832 807 865 853 et
884 794 945 850 nisi
967 812 1039 853 cum

36 902 257 1011 junioribus
287 923 325 963 ex
353 901 451 967 ovillo
490 902 607 985 hepate
643 907 795 967 desumtis
829 904 1038 987 postmodum

27 1036 271 1097 ³c0mparare
290 992 449 1094 licuisset,
471 1039 599 1099 semper
620 1018 795 1081 habuerim
1093 1008 1098 1013 ’

136 1129 175 1191 In
198 1129 344 1191 omnibus
365 1131 512 1212 reliquis,
541 1149 703 1216 quotquot
722 1135 876 1213 viderim,
904 1136 1036 1203 Tremu-
1124 1148 1128 1153 ·

73 1218 333 1343 todibus’simile
354 1246 433 1327 quid
451 1261 520 1307 non
536 1243 684 1309 oblatum
704 1263 762 1312 est.

10 1388 16 1413 l·

134 1356 191 1419 IV.
223 1356 479 1433 Gestoideorum
507 1362 664 1449 quaedam
691 1366 798 1422 omnia
823 1365 908 1424 inter
934 1362 1034 1423 Ento·

10 1518 28 1557 Ι.
71 1492 135 1533 zoa
154 1476 292 1533 maxime
312 1475 446 1550 variant,
472 1490 505 1534 et
523 1479 712 1538 incrementi
733 1476 849 1539 diversi
868 1492 962 1537 notas
984 1475 1033 1535 ol-

10 1610 20 1627 π
70 1589 184 1651 lerunt
203 1591 339 1649 maxime
363 1588 601 1669 memorabiles.

74 1750 79 1759 .
136 1703 444 1785 Garyopltyllaeum
473 1717 506 1762 et
526 1703 695 1787 Scoleeem
722 1718 836 1785 utpote
857 1708 959 1765 minus
979 1724 1032 1765 vu·
1079 1698 1082 1705 ¹

69 1816 204 1879 riabiles
223 1837 292 1877 non
306 1837 426 1875 moror.
447 1815 572 1893 Ligula
592 1819 813 1901 magnitudine
828 1818 959 1899 quidem
978 1838 1031 1877 va·

14 1938 17 1945 '
66 1938 138 2007 ria,
152 1928 260 1991 ¹uuum
282 1945 384 1990 tresve
405 1929 644 2013 pedes-longa,
666 1934 831 2013 angustior
851 1920 910 1991 vel¹
921 1931 1030 2006 latior,

67 2062 219 2107 ceterum
239 2066 318 2106 vero
341 2044 463 2105 eadem.
501 2043 766 2125 Tricuspidaria
789 2049 891 2127 magis
914 2045 1030 2105 discre-

63 2176 148 2243 pat,
186 2162 315 2241 juniora
347 2161 635 2239 enimspecimina
661 2179 730 2219 non
758 2159 864 2218 solum
883 2161 1028 2231 minora,

64 2276 131 2337 sed
158 2278 284 2355 postica
304 2278 451 2354 corporis
472 2293 546 2355 pars
566 2273 713 2333 noudum
731 2259 877 2349 exculta,
906 2264 1029 2337 adulto·
1108 2302 1111 2309 ·

64 2414 145 2453 rum
173 2404 281 2449 autem
309 2408 425 2469 corpus
453 2391 561 2457 ovmia
586 2388 794 2467 articulorum
822 2389 902 2447 sistit
934 2388 1029 2445 sacci-

62 2507 190 2575 formia
210 2503 372 2589 ductuque
392 2519 572 2577 transverso
593 2506 745 2589 insignia,
767 2501 807 2561 de
828 2499 943 2583 quibus
966 2497 1028 2559 alio
1101 2580 1105 2585 Ι

10 2678 12 2685 ,
64 2625 124 2706 egi
144 2619 231 2681 loco
273 2618 575 2706 ,Bochriocephali
599 2623 767 2681 varietates
787 2619 935 2698 ‘insignes
961 2608 1028 2673 tlon

61 2738 201 2817 reperi,
223 2734 356 2793 eaedem
378 2748 484 2793 utitem
506 2750 609 2801 erunt.

96 2898 99 2903 .
130 2849 267 2909 Taenia
286 2850 459 2906 universim
477 2869 540 2927 pro
563 2864 667 2911 aetate
689 2863 902 2925 ¹summopere
923 2841 1034 2901 diver--

42 2987 110 3027 ma.
157 2963 311 3043 Taeniue
331 2964 398 3020 ovis
420 2981 588 3042 expansae
605 2964 778 3043 specimina
799 2954 936 3031 tenella,
956 2952 1026 3034 pol-

57 3079 198 3150 licaria,
224 3074 313 3135 filum
335 3090 431 3159 tenue
452 3073 644 3155 referentia,
680 3076 784 3152 capite
804 3072 884 3133 'itero
905 3088 1040 3152 magno

56 3172 245 3265 instructa,
272 3189 333 3251 alia
351 3194 470 3250 iterum
491 3189 615 3272 aliquot
634 3189 734 3270 pedes
757 3188 945 3267 aequantia,
969 3180 1025 3243 sed

56 3309 178 3369 tenuia
186 3349 208 3381 „
233 3302 295 3364 alia
317 3304 457 3387 denique
477 3305 544 3365 vidi
563 3304 698 3388 digitum
719 3316 931 3361 transversum
950 3296 1024 3371 late,

54 3450 74 3487 a
98 3421 238 3508 pyloro,
251 3424 343 3505 agni,
383 3424 418 3480 iu
438 3440 502 3503 quo
524 3416 788 3499 hospitabantur,
829 3413 872 3477 'ad
892 3431 1024 3474 coecum
