<?xml version="1.0" encoding="UTF-8"?>
<!DOCTYPE html PUBLIC "-//W3C//DTD XHTML 1.0 Transitional//EN"
    "http://www.w3.org/TR/xhtml1/DTD/xhtml1-transitional.dtd">
<html xmlns="http://www.w3.org/1999/xhtml" xml:lang="en" lang="en">
 <head>
  <title>
</title>
<meta http-equiv="Content-Type" content="text/html;charset=utf-8" />
  <meta name='ocr-system' content='tesseract 3.04.00' />
  <meta name='ocr-capabilities' content='ocr_page ocr_carea ocr_par ocr_line ocrx_word'/>
</head>
<body>
  <div class='ocr_page' id='page_1' title='image "./entozoorumsivev02rudogoog_0351.png"; bbox 0 0 2476 4642; ppageno 0'>
   <div class='ocr_carea' id='block_1_1' title="bbox 60 368 1127 1711">
    <p class='ocr_par' dir='ltr' id='par_1_1' title="bbox 60 368 1127 1469">
     <span class='ocr_line' id='line_1_1' title="bbox 145 368 1125 461; baseline -0.009 -24"><span class='ocrx_word' id='word_1_1' title='bbox 145 392 249 457; x_wconf 84' lang='lat' dir='ltr'><strong>usque</strong></span> <span class='ocrx_word' id='word_1_2' title='bbox 265 388 408 448; x_wconf 84' lang='lat' dir='ltr'><strong>extensa,</strong></span> <span class='ocrx_word' id='word_1_3' title='bbox 429 386 512 461; x_wconf 83' lang='lat' dir='ltr'><strong>qpae</strong></span> <span class='ocrx_word' id='word_1_4' title='bbox 531 368 742 455; x_wconf 78' lang='lat' dir='ltr'><strong>longitudinis</strong></span> <span class='ocrx_word' id='word_1_5' title='bbox 759 338 1001 444; x_wconf 80' lang='lat' dir='ltr'><strong>intestinorum,</strong></span> <span class='ocrx_word' id='word_1_6' title='bbox 1019 387 1125 456; x_wconf 74' lang='lat' dir='ltr'><strong>qua</strong></span> 
     </span>
     <span class='ocr_line' id='line_1_2' title="bbox 144 480 1126 599; baseline -0.009 -47"><span class='ocrx_word' id='word_1_7' title='bbox 144 486 219 552; x_wconf 76' lang='lat' dir='ltr'><strong>lia</strong></span> <span class='ocrx_word' id='word_1_8' title='bbox 209 506 243 547; x_wconf 92' lang='lat' dir='ltr'><strong>1n</strong></span> <span class='ocrx_word' id='word_1_9' title='bbox 264 484 496 555; x_wconf 66' lang='lat' dir='ltr'><strong>ruminantibus</strong></span> <span class='ocrx_word' id='word_1_10' title='bbox 517 490 597 562; x_wconf 86' lang='lat' dir='ltr'><strong>sint,</strong></span> <span class='ocrx_word' id='word_1_11' title='bbox 624 490 751 546; x_wconf 88' lang='lat' dir='ltr'><strong>ratione</strong></span> <span class='ocrx_word' id='word_1_12' title='bbox 771 480 895 561; x_wconf 84' lang='lat' dir='ltr'><strong>habita,</strong></span> <span class='ocrx_word' id='word_1_13' title='bbox 914 480 1077 599; x_wconf 73' lang='lat' dir='ltr'><strong>longissima</strong></span> <span class='ocrx_word' id='word_1_14' title='bbox 1123 495 1126 502; x_wconf 89' lang='lat'>&#39;</span> 
     </span>
     <span class='ocr_line' id='line_1_3' title="bbox 148 566 1078 680; baseline -0.008 -16"><span class='ocrx_word' id='word_1_15' title='bbox 148 617 237 665; x_wconf 87' lang='lat' dir='ltr'><strong>certe</strong></span> <span class='ocrx_word' id='word_1_16' title='bbox 259 601 382 662; x_wconf 84' lang='lat' dir='ltr'><strong>dixeris.</strong></span> <span class='ocrx_word' id='word_1_17' title='bbox 422 598 611 661; x_wconf 79' lang='lat' dir='ltr'><strong>Goezius</strong></span> <span class='ocrx_word' id='word_1_18' title='bbox 625 596 965 680; x_wconf 77' lang='lat' dir='ltr'><strong>(Naturgesch.p.51.</strong></span> <span class='ocrx_word' id='word_1_19' title='bbox 984 566 1078 678; x_wconf 69' lang='lat' dir='ltr'><strong>piu)</strong></span> 
     </span>
     <span class='ocr_line' id='line_1_4' title="bbox 60 688 1105 819; baseline -0.01 -38"><span class='ocrx_word' id='word_1_20' title='bbox 60 790 63 799; x_wconf 37' lang='grc' dir='ltr'>Ι</span> <span class='ocrx_word' id='word_1_21' title='bbox 150 717 325 781; x_wconf 81' lang='lat' dir='ltr'><strong>eandem</strong></span> <span class='ocrx_word' id='word_1_22' title='bbox 316 737 351 775; x_wconf 89' lang='lat' dir='ltr'><strong>rn</strong></span> <span class='ocrx_word' id='word_1_23' title='bbox 373 697 500 798; x_wconf 72' lang='lat' dir='ltr'><strong>agnello</strong></span> <span class='ocrx_word' id='word_1_24' title='bbox 520 688 661 819; x_wconf 81' lang='lat' dir='ltr'>lactente</span> <span class='ocrx_word' id='word_1_25' title='bbox 681 716 838 775; x_wconf 84' lang='lat' dir='ltr'><strong>Taeniam</strong></span> <span class='ocrx_word' id='word_1_26' title='bbox 857 715 980 819; x_wconf 82' lang='lat' dir='ltr'><strong>reperit</strong></span> <span class='ocrx_word' id='word_1_27' title='bbox 997 720 1028 780; x_wconf 84' lang='lat'><strong>51</strong></span> <span class='ocrx_word' id='word_1_28' title='bbox 1045 709 1083 772; x_wconf 90' lang='lat' dir='ltr'><strong>ul</strong></span> <span class='ocrx_word' id='word_1_29' title='bbox 1101 792 1105 803; x_wconf 38' lang='grc' dir='ltr'>Ι</span> 
     </span>
     <span class='ocr_line' id='line_1_5' title="bbox 80 825 1079 914; baseline -0.01 -18"><span class='ocrx_word' id='word_1_30' title='bbox 80 842 90 863; x_wconf 86' lang='lat'><em>&#39;</em></span> <span class='ocrx_word' id='word_1_31' title='bbox 148 845 207 895; x_wconf 78' lang='lat' dir='ltr'><strong>nas</strong></span> <span class='ocrx_word' id='word_1_32' title='bbox 227 825 378 914; x_wconf 84' lang='lat' dir='ltr'><strong>longam,</strong></span> <span class='ocrx_word' id='word_1_33' title='bbox 420 845 451 891; x_wconf 88' lang='lat' dir='ltr'><strong>et</strong></span> <span class='ocrx_word' id='word_1_34' title='bbox 479 827 675 890; x_wconf 77' lang='lat' dir='ltr'><strong>adtentum</strong></span> <span class='ocrx_word' id='word_1_35' title='bbox 687 846 791 910; x_wconf 87' lang='lat' dir='ltr'><strong>usque</strong></span> <span class='ocrx_word' id='word_1_36' title='bbox 815 825 939 888; x_wconf 83' lang='lat' dir='ltr'><strong>ulnas</strong></span> <span class='ocrx_word' id='word_1_37' title='bbox 930 844 1079 887; x_wconf 85' lang='lat' dir='ltr'><strong>merescere</strong></span> 
     </span>
     <span class='ocr_line' id='line_1_6' title="bbox 151 917 1080 1027; baseline -0.003 -23"><span class='ocrx_word' id='word_1_38' title='bbox 151 942 260 1004; x_wconf 81' lang='lat' dir='ltr'><strong>refert</strong></span> <span class='ocrx_word' id='word_1_39' title='bbox 315 922 488 1008; x_wconf 79' lang='lat' dir='ltr'><strong>Mensurae</strong></span> <span class='ocrx_word' id='word_1_40' title='bbox 508 917 659 1027; x_wconf 86' lang='lat' dir='ltr'><strong>quidem,</strong></span> <span class='ocrx_word' id='word_1_41' title='bbox 697 961 769 1001; x_wconf 86' lang='lat' dir='ltr'><strong>cum</strong></span> <span class='ocrx_word' id='word_1_42' title='bbox 797 941 838 1001; x_wconf 90' lang='lat' dir='ltr'><strong>ad</strong></span> <span class='ocrx_word' id='word_1_43' title='bbox 860 941 989 1002; x_wconf 85' lang='lat' dir='ltr'><strong>easdem</strong></span> <span class='ocrx_word' id='word_1_44' title='bbox 1007 936 1080 1023; x_wconf 75' lang='lat' dir='ltr'><strong>igen-</strong></span> 
     </span>
     <span class='ocr_line' id='line_1_7' title="bbox 151 1055 1082 1140; baseline -0.006 -23"><span class='ocrx_word' id='word_1_45' title='bbox 151 1056 211 1118; x_wconf 83' lang='lat' dir='ltr'><strong>&#39;das</strong></span> <span class='ocrx_word' id='word_1_46' title='bbox 231 1059 375 1119; x_wconf 85' lang='lat' dir='ltr'><strong>Taeniae</strong></span> <span class='ocrx_word' id='word_1_47' title='bbox 396 1080 492 1140; x_wconf 86' lang='lat' dir='ltr'><strong>saepe</strong></span> <span class='ocrx_word' id='word_1_48' title='bbox 512 1059 605 1117; x_wconf 85' lang='lat' dir='ltr'><strong>nimis</strong></span> <span class='ocrx_word' id='word_1_49' title='bbox 628 1055 854 1132; x_wconf 81' lang='lat' dir='ltr'><strong>extendantur,</strong></span> <span class='ocrx_word' id='word_1_50' title='bbox 875 1068 909 1115; x_wconf 86' lang='lat' dir='ltr'><strong>et</strong></span> <span class='ocrx_word' id='word_1_51' title='bbox 928 1068 1002 1135; x_wconf 88' lang='lat' dir='ltr'><strong>post</strong></span> <span class='ocrx_word' id='word_1_52' title='bbox 1017 1059 1082 1112; x_wconf 83' lang='lat' dir='ltr'><strong>inor-</strong></span> 
     </span>
     <span class='ocr_line' id='line_1_8' title="bbox 153 1148 1127 1253; baseline -0.005 -24"><span class='ocrx_word' id='word_1_53' title='bbox 153 1148 221 1230; x_wconf 84' lang='lat' dir='ltr'><strong>tam</strong></span> <span class='ocrx_word' id='word_1_54' title='bbox 247 1169 400 1233; x_wconf 83' lang='lat' dir='ltr'><strong>flaccidae</strong></span> <span class='ocrx_word' id='word_1_55' title='bbox 427 1172 532 1233; x_wconf 84' lang='lat' dir='ltr'><strong>factae</strong></span> <span class='ocrx_word' id='word_1_56' title='bbox 561 1172 780 1249; x_wconf 84' lang='lat' dir='ltr'><strong>maximopere</strong></span> <span class='ocrx_word' id='word_1_57' title='bbox 814 1168 945 1230; x_wconf 85' lang='lat' dir='ltr'><strong>extendi</strong></span> <span class='ocrx_word' id='word_1_58' title='bbox 972 1179 1127 1248; x_wconf 63' lang='lat' dir='ltr'><strong>quemn:</strong></span> <span class='ocrx_word' id='word_1_59' title='bbox 1122 1226 1127 1253; x_wconf 40' lang='grc'>1</span> 
     </span>
     <span class='ocr_line' id='line_1_9' title="bbox 155 1256 1127 1371; baseline -0.005 -29"><span class='ocrx_word' id='word_1_60' title='bbox 155 1287 257 1344; x_wconf 88' lang='lat' dir='ltr'><strong>rarius</strong></span> <span class='ocrx_word' id='word_1_61' title='bbox 279 1301 445 1349; x_wconf 78' lang='lat' dir='ltr'>accuratae</span> <span class='ocrx_word' id='word_1_62' title='bbox 465 1283 642 1366; x_wconf 81' lang='lat' dir='ltr'><strong>habentur,</strong></span> <span class='ocrx_word' id='word_1_63' title='bbox 670 1284 728 1353; x_wconf 83' lang='lat' dir='ltr'><strong>sed</strong></span> <span class='ocrx_word' id='word_1_64' title='bbox 746 1269 984 1371; x_wconf 76' lang='lat' dir='ltr'><strong>longitudinem</strong></span> <span class='ocrx_word' id='word_1_65' title='bbox 1003 1256 1127 1340; x_wconf 56' lang='lat' dir='ltr'><strong>obiter!-</strong></span> 
     </span>
     <span class='ocr_line' id='line_1_10' title="bbox 156 1386 766 1469; baseline 0.003 -12"><span class='ocrx_word' id='word_1_66' title='bbox 156 1386 315 1461; x_wconf 78' lang='lat' dir='ltr'><strong>indicasse</strong></span> <span class='ocrx_word' id='word_1_67' title='bbox 334 1398 512 1467; x_wconf 81' lang='lat' dir='ltr'><strong>sufficiat.</strong></span> <span class='ocrx_word' id='word_1_68' title='bbox 763 1464 766 1469; x_wconf 63' lang='grc'><em>,</em></span> 
     </span>
    </p>

    <p class='ocr_par' dir='ltr' id='par_1_2' title="bbox 217 1478 1127 1607">
     <span class='ocr_line' id='line_1_11' title="bbox 217 1478 1127 1607; baseline 0.003 -37"><span class='ocrx_word' id='word_1_69' title='bbox 217 1509 361 1573; x_wconf 85' lang='lat' dir='ltr'><strong>Taeniae</strong></span> <span class='ocrx_word' id='word_1_70' title='bbox 389 1514 519 1607; x_wconf 78' lang='lat' dir='ltr'><strong>quidem</strong></span> <span class='ocrx_word' id='word_1_71' title='bbox 546 1512 705 1576; x_wconf 79' lang='lat' dir='ltr'><strong>humanae</strong></span> <span class='ocrx_word' id='word_1_72' title='bbox 732 1527 853 1574; x_wconf 87' lang='lat' dir='ltr'><strong>tantam</strong></span> <span class='ocrx_word' id='word_1_73' title='bbox 877 1513 930 1573; x_wconf 78' lang='lat' dir='ltr'><strong>vix</strong></span> <span class='ocrx_word' id='word_1_74' title='bbox 954 1478 1127 1601; x_wconf 76' lang='lat' dir='ltr'><strong>attingunt</strong></span> 
     </span>
    </p>

    <p class='ocr_par' dir='ltr' id='par_1_3' title="bbox 159 1616 1127 1711">
     <span class='ocr_line' id='line_1_12' title="bbox 159 1616 1127 1711; baseline -0.001 -29"><span class='ocrx_word' id='word_1_75' title='bbox 159 1616 415 1708; x_wconf 85' lang='lat' dir='ltr'><strong>longitudinem,</strong></span> <span class='ocrx_word' id='word_1_76' title='bbox 441 1631 472 1696; x_wconf 85' lang='lat' dir='ltr'><strong>¹et</strong></span> <span class='ocrx_word' id='word_1_77' title='bbox 488 1649 589 1711; x_wconf 82' lang='lat' dir='ltr'><strong>quam</strong></span> <span class='ocrx_word' id='word_1_78' title='bbox 609 1631 770 1688; x_wconf 77' lang='lat' dir='ltr'><strong>tricenum</strong></span> <span class='ocrx_word' id='word_1_79' title='bbox 790 1622 935 1687; x_wconf 85' lang='lat' dir='ltr'><strong>cubitum</strong></span> <span class='ocrx_word' id='word_1_80' title='bbox 954 1624 1083 1687; x_wconf 79' lang='lat' dir='ltr'><strong>Plinius</strong></span> <span class='ocrx_word' id='word_1_81' title='bbox 1122 1634 1127 1661; x_wconf 74' lang='lat'><strong>¹</strong></span> 
     </span>
    </p>
   </div>
   <div class='ocr_carea' id='block_1_2' title="bbox 1121 1346 1127 1415">
    <p class='ocr_par' dir='ltr' id='par_1_4' title="bbox 1121 1346 1127 1415">
     <span class='ocr_line' id='line_1_13' title="bbox 1121 1346 1127 1415; baseline 0 0"><span class='ocrx_word' id='word_1_82' title='bbox 1121 1346 1127 1415; x_wconf 70' lang='lat' dir='ltr'><strong>l</strong></span> 
     </span>
    </p>
   </div>
   <div class='ocr_carea' id='block_1_3' title="bbox 161 1736 1085 1837">
    <p class='ocr_par' dir='ltr' id='par_1_5' title="bbox 161 1736 1085 1837">
     <span class='ocr_line' id='line_1_14' title="bbox 161 1736 1085 1837; baseline -0.001 -40"><span class='ocrx_word' id='word_1_83' title='bbox 161 1736 258 1825; x_wconf 83' lang='lat' dir='ltr'><strong>(Bibl.</strong></span> <span class='ocrx_word' id='word_1_84' title='bbox 276 1745 384 1825; x_wconf 73' lang='lat'>1¹·94)</span> <span class='ocrx_word' id='word_1_85' title='bbox 405 1743 514 1819; x_wconf 83' lang='lat' dir='ltr'><strong>refert,</strong></span> <span class='ocrx_word' id='word_1_86' title='bbox 536 1764 574 1803; x_wconf 81' lang='lat' dir='ltr'><strong>ex</strong></span> <span class='ocrx_word' id='word_1_87' title='bbox 593 1740 801 1823; x_wconf 86' lang='lat' dir='ltr'><strong>plurimarum</strong></span> <span class='ocrx_word' id='word_1_88' title='bbox 821 1739 1021 1837; x_wconf 82' lang='lat' dir='ltr'><strong>portionibus</strong></span> <span class='ocrx_word' id='word_1_89' title='bbox 1034 1754 1085 1797; x_wconf 81' lang='lat' dir='ltr'><strong>sen·</strong></span> 
     </span>
    </p>
   </div>
   <div class='ocr_carea' id='block_1_4' title="bbox 70 1846 1087 2063">
    <p class='ocr_par' dir='ltr' id='par_1_6' title="bbox 70 1846 1087 2063">
     <span class='ocr_line' id='line_1_15' title="bbox 70 1846 1086 1959; baseline -0.005 -44"><span class='ocrx_word' id='word_1_90' title='bbox 70 1940 82 1959; x_wconf 27' lang='grc' dir='ltr'>ι</span> <span class='ocrx_word' id='word_1_91' title='bbox 162 1854 221 1945; x_wconf 78' lang='lat' dir='ltr'><strong>airu</strong></span> <span class='ocrx_word' id='word_1_92' title='bbox 241 1854 377 1937; x_wconf 88' lang='lat' dir='ltr'><strong>dejectis·</strong></span> <span class='ocrx_word' id='word_1_93' title='bbox 395 1871 427 1916; x_wconf 89' lang='lat' dir='ltr'><strong>et</strong></span> <span class='ocrx_word' id='word_1_94' title='bbox 444 1857 486 1917; x_wconf 90' lang='lat' dir='ltr'><strong>ad</strong></span> <span class='ocrx_word' id='word_1_95' title='bbox 499 1875 597 1918; x_wconf 86' lang='lat' dir='ltr'><strong>unam</strong></span> <span class='ocrx_word' id='word_1_96' title='bbox 616 1846 740 1932; x_wconf 51' lang='lat' dir='ltr'><strong>relatisj</strong></span> <span class='ocrx_word' id='word_1_97' title='bbox 756 1854 808 1919; x_wconf 83' lang='lat' dir='ltr'><strong>vel</strong></span> <span class='ocrx_word' id='word_1_98' title='bbox 829 1855 1004 1917; x_wconf 83' lang='lat' dir='ltr'><strong>seeundum</strong></span> <span class='ocrx_word' id='word_1_99' title='bbox 1021 1851 1086 1911; x_wconf 80' lang='lat' dir='ltr'><strong>retti-</strong></span> 
     </span>
     <span class='ocr_line' id='line_1_16' title="bbox 161 1955 1087 2063; baseline -0.005 -35"><span class='ocrx_word' id='word_1_100' title='bbox 161 1955 338 2031; x_wconf 76' lang='lat' dir='ltr'><strong>mationem</strong></span> <span class='ocrx_word' id='word_1_101' title='bbox 364 1992 496 2063; x_wconf 64' lang='lat' dir='ltr'><strong>vagam,</strong></span> <span class='ocrx_word' id='word_1_102' title='bbox 534 1970 639 2059; x_wconf 71' lang='lat' dir='ltr'><strong>littam</strong></span> <span class='ocrx_word' id='word_1_103' title='bbox 662 1972 756 2031; x_wconf 84' lang='lat' dir='ltr'><strong>dicas.</strong></span> <span class='ocrx_word' id='word_1_104' title='bbox 804 1968 895 2032; x_wconf 87' lang='lat' dir='ltr'><strong>Idem</strong></span> <span class='ocrx_word' id='word_1_105' title='bbox 924 1962 1014 2031; x_wconf 77' lang='lat' dir='ltr'><strong>certe</strong></span> <span class='ocrx_word' id='word_1_106' title='bbox 1028 1963 1087 2046; x_wconf 68' lang='lat' dir='ltr'><strong>indi·</strong></span> 
     </span>
    </p>
   </div>
   <div class='ocr_carea' id='block_1_5' title="bbox 63 2078 1088 2152">
    <p class='ocr_par' dir='ltr' id='par_1_7' title="bbox 63 2078 1088 2152">
     <span class='ocr_line' id='line_1_17' title="bbox 63 2078 1088 2152; baseline -0.002 -9"><span class='ocrx_word' id='word_1_107' title='bbox 63 2084 66 2089; x_wconf 81' lang='lat'>&#39;</span> <span class='ocrx_word' id='word_1_108' title='bbox 151 2082 249 2143; x_wconf 71' lang='lat' dir='ltr'><strong>tium</strong></span> <span class='ocrx_word' id='word_1_109' title='bbox 279 2083 321 2152; x_wconf 86' lang='lat' dir='ltr'><strong>de</strong></span> <span class='ocrx_word' id='word_1_110' title='bbox 349 2086 530 2147; x_wconf 85' lang='lat' dir='ltr'><strong>auctoribus</strong></span> <span class='ocrx_word' id='word_1_111' title='bbox 552 2080 669 2151; x_wconf 80' lang='lat' dir='ltr'><strong>eodem</strong></span> <span class='ocrx_word' id='word_1_112' title='bbox 688 2082 923 2150; x_wconf 84' lang='lat' dir='ltr'><strong>recentioribus</strong></span> <span class='ocrx_word' id='word_1_113' title='bbox 946 2078 1088 2143; x_wconf 76' lang='lat' dir='ltr'><strong>terendum</strong></span> 
     </span>
    </p>
   </div>
   <div class='ocr_carea' id='block_1_6' title="bbox 129 2194 1127 3769">
    <p class='ocr_par' dir='ltr' id='par_1_8' title="bbox 129 2194 1127 3769">
     <span class='ocr_line' id='line_1_18' title="bbox 163 2194 1112 2279; baseline -0.003 -25"><span class='ocrx_word' id='word_1_114' title='bbox 163 2205 232 2272; x_wconf 79' lang='lat' dir='ltr'><strong>est,</strong></span> <span class='ocrx_word' id='word_1_115' title='bbox 252 2201 308 2279; x_wconf 84' lang='lat' dir='ltr'><strong>qui</strong></span> <span class='ocrx_word' id='word_1_116' title='bbox 324 2201 629 2268; x_wconf 81' lang='lat' dir='ltr'><strong>¹Taeniam&#39;unicam</strong></span> <span class='ocrx_word' id='word_1_117' title='bbox 652 2214 775 2260; x_wconf 88' lang='lat' dir='ltr'><strong>tantum</strong></span> <span class='ocrx_word' id='word_1_118' title='bbox 796 2197 915 2263; x_wconf 85' lang='lat' dir='ltr'><strong>eodem</strong></span> <span class='ocrx_word' id='word_1_119' title='bbox 934 2199 969 2258; x_wconf 89' lang='lat' dir='ltr'><strong>in</strong></span> <span class='ocrx_word' id='word_1_120' title='bbox 988 2194 1112 2257; x_wconf 68' lang='lat' dir='ltr'><strong>homins·</strong></span> 
     </span>
     <span class='ocr_line' id='line_1_19' title="bbox 167 2296 1092 2395; baseline -0.001 -28"><span class='ocrx_word' id='word_1_121' title='bbox 167 2296 253 2388; x_wconf 78' lang='lat' dir='ltr'><strong>dari,</strong></span> <span class='ocrx_word' id='word_1_122' title='bbox 275 2331 370 2392; x_wconf 87' lang='lat' dir='ltr'><strong>quam</strong></span> <span class='ocrx_word' id='word_1_123' title='bbox 390 2315 512 2382; x_wconf 83' lang='lat' dir='ltr'><strong>idcireo</strong></span> <span class='ocrx_word' id='word_1_124' title='bbox 532 2316 687 2387; x_wconf 71' lang='lat' dir='ltr'><strong>Vermena</strong></span> <span class='ocrx_word' id='word_1_125' title='bbox 708 2312 884 2374; x_wconf 83' lang='lat' dir='ltr'><strong>solitarium</strong></span> <span class='ocrx_word' id='word_1_126' title='bbox 906 2306 1092 2395; x_wconf 75' lang='lat' dir='ltr'><strong>appellabant,</strong></span> 
     </span>
     <span class='ocr_line' id='line_1_20' title="bbox 129 2425 1094 2511; baseline 0.003 -30"><span class='ocrx_word' id='word_1_127' title='bbox 129 2454 131 2457; x_wconf 95' lang='lat'>·</span> <span class='ocrx_word' id='word_1_128' title='bbox 165 2441 338 2503; x_wconf 84' lang='lat' dir='ltr'><strong>perperam</strong></span> <span class='ocrx_word' id='word_1_129' title='bbox 359 2431 595 2510; x_wconf 79' lang='lat' dir='ltr'><strong>supponendO,</strong></span> <span class='ocrx_word' id='word_1_130' title='bbox 615 2429 851 2511; x_wconf 82' lang='lat' dir='ltr'><strong>longitudinem</strong></span> <span class='ocrx_word' id='word_1_131' title='bbox 873 2434 937 2509; x_wconf 80' lang='lat' dir='ltr'><strong>ejus</strong></span> <span class='ocrx_word' id='word_1_132' title='bbox 958 2445 1046 2507; x_wconf 87' lang='lat' dir='ltr'><strong>saepe</strong></span> <span class='ocrx_word' id='word_1_133' title='bbox 1060 2425 1094 2480; x_wconf 83' lang='lat' dir='ltr'><strong>in·</strong></span> 
     </span>
     <span class='ocr_line' id='line_1_21' title="bbox 166 2538 1095 2624; baseline -0.004 -26"><span class='ocrx_word' id='word_1_134' title='bbox 166 2556 298 2624; x_wconf 81' lang='lat' dir='ltr'><strong>gentem</strong></span> <span class='ocrx_word' id='word_1_135' title='bbox 337 2559 369 2604; x_wconf 89' lang='lat' dir='ltr'><strong>et</strong></span> <span class='ocrx_word' id='word_1_136' title='bbox 402 2543 501 2608; x_wconf 84' lang='lat' dir='ltr'><strong>fidem</strong></span> <span class='ocrx_word' id='word_1_137' title='bbox 538 2564 667 2605; x_wconf 86' lang='lat' dir='ltr'><strong>omnem</strong></span> <span class='ocrx_word' id='word_1_138' title='bbox 701 2558 906 2624; x_wconf 82' lang='lat' dir='ltr'><strong>superantem</strong></span> <span class='ocrx_word' id='word_1_139' title='bbox 943 2538 1095 2601; x_wconf 81' lang='lat' dir='ltr'><strong>tradidere.</strong></span> 
     </span>
     <span class='ocr_line' id='line_1_22' title="bbox 168 2648 1099 2739; baseline 0 -29"><span class='ocrx_word' id='word_1_140' title='bbox 168 2654 300 2713; x_wconf 78' lang='lat' dir='ltr'><strong>Taenia</strong></span> <span class='ocrx_word' id='word_1_141' title='bbox 320 2657 446 2716; x_wconf 79' lang='lat' dir='ltr'><strong>Solium</strong></span> <span class='ocrx_word' id='word_1_142' title='bbox 473 2660 636 2720; x_wconf 88' lang='lat' dir='ltr'><strong>interdum</strong></span> <span class='ocrx_word' id='word_1_143' title='bbox 664 2673 770 2720; x_wconf 85' lang='lat' dir='ltr'><strong>tamen</strong></span> <span class='ocrx_word' id='word_1_144' title='bbox 796 2656 982 2739; x_wconf 82' lang='lat' dir='ltr'><strong>longissima</strong></span> <span class='ocrx_word' id='word_1_145' title='bbox 1000 2648 1048 2731; x_wconf 83' lang='lat' dir='ltr'><strong>lu,</strong></span> <span class='ocrx_word' id='word_1_146' title='bbox 1077 2663 1099 2710; x_wconf 84' lang='lat' dir='ltr'><strong>tt</strong></span> 
     </span>
     <span class='ocr_line' id='line_1_23' title="bbox 167 2754 1101 2852; baseline -0.004 -25"><span class='ocrx_word' id='word_1_147' title='bbox 167 2765 302 2833; x_wconf 85' lang='lat' dir='ltr'><strong>Robin</strong></span> <span class='ocrx_word' id='word_1_148' title='bbox 323 2768 418 2846; x_wconf 87' lang='lat' dir='ltr'><strong>(Bibl.</strong></span> <span class='ocrx_word' id='word_1_149' title='bbox 439 2789 472 2829; x_wconf 89' lang='lat' dir='ltr'><strong>n.</strong></span> <span class='ocrx_word' id='word_1_150' title='bbox 492 2776 580 2852; x_wconf 76' lang='lat'>355.)</span> <span class='ocrx_word' id='word_1_151' title='bbox 603 2773 736 2833; x_wconf 89' lang='lat' dir='ltr'><strong>eandem</strong></span> <span class='ocrx_word' id='word_1_152' title='bbox 756 2776 791 2831; x_wconf 89' lang='lat' dir='ltr'><strong>in</strong></span> <span class='ocrx_word' id='word_1_153' title='bbox 811 2769 949 2833; x_wconf 88' lang='lat' dir='ltr'><strong>hominis</strong></span> <span class='ocrx_word' id='word_1_154' title='bbox 971 2754 1101 2834; x_wconf 74' lang='lat' dir='ltr'><strong>cadatera</strong></span> 
     </span>
     <span class='ocr_line' id='line_1_24' title="bbox 169 2863 1104 2967; baseline 0.004 -28"><span class='ocrx_word' id='word_1_155' title='bbox 169 2897 189 2939; x_wconf 80' lang='lat' dir='ltr'><strong>a</strong></span> <span class='ocrx_word' id='word_1_156' title='bbox 215 2879 333 2964; x_wconf 86' lang='lat' dir='ltr'><strong>pyloro</strong></span> <span class='ocrx_word' id='word_1_157' title='bbox 364 2883 406 2943; x_wconf 89' lang='lat' dir='ltr'><strong>ad</strong></span> <span class='ocrx_word' id='word_1_158' title='bbox 433 2901 556 2964; x_wconf 79' lang='lat' dir='ltr'><strong>septem</strong></span> <span class='ocrx_word' id='word_1_159' title='bbox 582 2887 736 2967; x_wconf 86' lang='lat' dir='ltr'><strong>pollicum</strong></span> <span class='ocrx_word' id='word_1_160' title='bbox 765 2885 803 2945; x_wconf 91' lang='lat' dir='ltr'><strong>ab</strong></span> <span class='ocrx_word' id='word_1_161' title='bbox 832 2905 894 2946; x_wconf 89' lang='lat' dir='ltr'><strong>ano</strong></span> <span class='ocrx_word' id='word_1_162' title='bbox 925 2863 1104 2953; x_wconf 82' lang='lat' dir='ltr'><strong>distantiam,</strong></span> 
     </span>
     <span class='ocr_line' id='line_1_25' title="bbox 170 2994 1108 3084; baseline -0.001 -28"><span class='ocrx_word' id='word_1_163' title='bbox 170 2994 305 3056; x_wconf 84' lang='lat' dir='ltr'><strong>villosae</strong></span> <span class='ocrx_word' id='word_1_164' title='bbox 331 2995 459 3058; x_wconf 86' lang='lat' dir='ltr'><strong>fortiter</strong></span> <span class='ocrx_word' id='word_1_165' title='bbox 486 2998 715 3065; x_wconf 86' lang='lat' dir='ltr'><strong>adhaerentem</strong></span> <span class='ocrx_word' id='word_1_166' title='bbox 748 3002 838 3065; x_wconf 82' lang='lat' dir='ltr'><strong>vidit.</strong></span> <span class='ocrx_word' id='word_1_167' title='bbox 898 3002 975 3084; x_wconf 86' lang='lat' dir='ltr'><strong>Quo</strong></span> <span class='ocrx_word' id='word_1_168' title='bbox 1004 3005 1038 3060; x_wconf 90' lang='lat' dir='ltr'><strong>in</strong></span> <span class='ocrx_word' id='word_1_169' title='bbox 1061 3001 1108 3058; x_wconf 85' lang='lat' dir='ltr'><strong>situ</strong></span> 
     </span>
     <span class='ocr_line' id='line_1_26' title="bbox 172 3083 1110 3194; baseline -0.001 -24"><span class='ocrx_word' id='word_1_170' title='bbox 172 3083 305 3172; x_wconf 84' lang='lat' dir='ltr'><strong>minime</strong></span> <span class='ocrx_word' id='word_1_171' title='bbox 343 3126 521 3190; x_wconf 75' lang='lat' dir='ltr'><strong>extensam,</strong></span> <span class='ocrx_word' id='word_1_172' title='bbox 561 3116 619 3175; x_wconf 85' lang='lat' dir='ltr'><strong>sed</strong></span> <span class='ocrx_word' id='word_1_173' title='bbox 655 3115 792 3178; x_wconf 84' lang='lat' dir='ltr'><strong>articulis</strong></span> <span class='ocrx_word' id='word_1_174' title='bbox 818 3118 927 3194; x_wconf 84' lang='lat' dir='ltr'><strong>potius</strong></span> <span class='ocrx_word' id='word_1_175' title='bbox 960 3114 1110 3175; x_wconf 83' lang='lat' dir='ltr'><strong>contractis</strong></span> 
     </span>
     <span class='ocr_line' id='line_1_27' title="bbox 172 3221 1115 3322; baseline 0.003 -40"><span class='ocrx_word' id='word_1_176' title='bbox 172 3221 271 3286; x_wconf 76' lang='lat' dir='ltr'><strong>fuisse</strong></span> <span class='ocrx_word' id='word_1_177' title='bbox 294 3225 379 3288; x_wconf 84' lang='lat' dir='ltr'><strong>dicas</strong></span> <span class='ocrx_word' id='word_1_178' title='bbox 388 3271 399 3304; x_wconf 84' lang='lat'><em>,</em></span> <span class='ocrx_word' id='word_1_179' title='bbox 417 3245 472 3322; x_wconf 30' lang='lat' dir='ltr'><strong>&#39;ut</strong></span> <span class='ocrx_word' id='word_1_180' title='bbox 499 3233 723 3294; x_wconf 82' lang='lat' dir='ltr'><strong>intestinorum</strong></span> <span class='ocrx_word' id='word_1_181' title='bbox 752 3227 968 3291; x_wconf 86' lang='lat' dir='ltr'><strong>humanorum</strong></span> <span class='ocrx_word' id='word_1_182' title='bbox 988 3229 1115 3310; x_wconf 83' lang='lat' dir='ltr'><strong>longitu-</strong></span> 
     </span>
     <span class='ocr_line' id='line_1_28' title="bbox 174 3337 1120 3424; baseline 0.001 -26"><span class='ocrx_word' id='word_1_183' title='bbox 174 3337 250 3399; x_wconf 89' lang='lat' dir='ltr'><strong>dine</strong></span> <span class='ocrx_word' id='word_1_184' title='bbox 272 3344 401 3424; x_wconf 78' lang='lat' dir='ltr'><strong>triginta</strong></span> <span class='ocrx_word' id='word_1_185' title='bbox 422 3347 549 3408; x_wconf 85' lang='lat' dir='ltr'><strong>circiter</strong></span> <span class='ocrx_word' id='word_1_186' title='bbox 571 3343 692 3424; x_wconf 82' lang='lat' dir='ltr'><strong>pedum</strong></span> <span class='ocrx_word' id='word_1_187' title='bbox 721 3348 902 3420; x_wconf 86' lang='lat' dir='ltr'><strong>aestimata,</strong></span> <span class='ocrx_word' id='word_1_188' title='bbox 931 3346 1071 3406; x_wconf 82' lang='lat' dir='ltr'><strong>Taeniae</strong></span> <span class='ocrx_word' id='word_1_189' title='bbox 1089 3340 1120 3401; x_wconf 88' lang='lat' dir='ltr'><strong>il·</strong></span> 
     </span>
     <span class='ocr_line' id='line_1_29' title="bbox 172 3450 1122 3540; baseline 0.002 -27"><span class='ocrx_word' id='word_1_190' title='bbox 172 3450 234 3513; x_wconf 88' lang='lat' dir='ltr'><strong>lius</strong></span> <span class='ocrx_word' id='word_1_191' title='bbox 263 3471 348 3518; x_wconf 86' lang='lat' dir='ltr'><strong>certe</strong></span> <span class='ocrx_word' id='word_1_192' title='bbox 377 3457 509 3538; x_wconf 88' lang='lat' dir='ltr'><strong>duplam</strong></span> <span class='ocrx_word' id='word_1_193' title='bbox 538 3462 591 3538; x_wconf 89' lang='lat' dir='ltr'><strong>(ut</strong></span> <span class='ocrx_word' id='word_1_194' title='bbox 617 3456 713 3539; x_wconf 82' lang='lat' dir='ltr'><strong>vulgo</strong></span> <span class='ocrx_word' id='word_1_195' title='bbox 740 3478 892 3519; x_wconf 85' lang='lat' dir='ltr'><strong>mensura</strong></span> <span class='ocrx_word' id='word_1_196' title='bbox 910 3457 966 3540; x_wconf 80' lang='lat' dir='ltr'><strong>fit)</strong></span> <span class='ocrx_word' id='word_1_197' title='bbox 995 3473 1050 3519; x_wconf 89' lang='lat' dir='ltr'><strong>aut</strong></span> <span class='ocrx_word' id='word_1_198' title='bbox 1075 3461 1122 3519; x_wconf 88' lang='lat' dir='ltr'><strong>tri·</strong></span> 
     </span>
     <span class='ocr_line' id='line_1_30' title="bbox 172 3563 1125 3655; baseline 0.007 -29"><span class='ocrx_word' id='word_1_199' title='bbox 172 3563 262 3646; x_wconf 79' lang='lat' dir='ltr'><strong>plant</strong></span> <span class='ocrx_word' id='word_1_200' title='bbox 283 3590 430 3641; x_wconf 73' lang='lat' dir='ltr'><strong>aestimas.</strong></span> <span class='ocrx_word' id='word_1_201' title='bbox 472 3575 652 3654; x_wconf 74' lang='lat' dir='ltr'><strong>specimina</strong></span> <span class='ocrx_word' id='word_1_202' title='bbox 672 3593 788 3655; x_wconf 82' lang='lat' dir='ltr'><strong>magna</strong></span> <span class='ocrx_word' id='word_1_203' title='bbox 808 3576 879 3654; x_wconf 82' lang='lat' dir='ltr'><strong>ipse</strong></span> <span class='ocrx_word' id='word_1_204' title='bbox 898 3573 986 3648; x_wconf 85' lang='lat' dir='ltr'><strong>vidi,</strong></span> <span class='ocrx_word' id='word_1_205' title='bbox 1023 3588 1125 3635; x_wconf 84' lang='lat' dir='ltr'><strong>aucto·-</strong></span> 
     </span>
     <span class='ocr_line' id='line_1_31' title="bbox 173 3684 1127 3769; baseline 0.003 -26"><span class='ocrx_word' id='word_1_206' title='bbox 173 3699 226 3743; x_wconf 77' lang='lat' dir='ltr'><strong>tes</strong></span> <span class='ocrx_word' id='word_1_207' title='bbox 247 3688 385 3767; x_wconf 76' lang='lat' dir='ltr'><strong>majores</strong></span> <span class='ocrx_word' id='word_1_208' title='bbox 406 3684 551 3765; x_wconf 85' lang='lat' dir='ltr'><strong>tradunt,</strong></span> <span class='ocrx_word' id='word_1_209' title='bbox 586 3688 646 3753; x_wconf 80' lang='lat' dir='ltr'><strong>sed</strong></span> <span class='ocrx_word' id='word_1_210' title='bbox 667 3702 699 3752; x_wconf 88' lang='lat' dir='ltr'><strong>et</strong></span> <span class='ocrx_word' id='word_1_211' title='bbox 718 3690 846 3751; x_wconf 87' lang='lat' dir='ltr'><strong>minora</strong></span> <span class='ocrx_word' id='word_1_212' title='bbox 866 3688 1040 3769; x_wconf 82' lang='lat' dir='ltr'><strong>possideo,</strong></span> <span class='ocrx_word' id='word_1_213' title='bbox 1077 3688 1127 3748; x_wconf 89' lang='lat' dir='ltr'><strong>ali·</strong></span> 
     </span>
    </p>
   </div>
   <div class='ocr_carea' id='block_1_7' title="bbox 0 0 1277 4642">
    <p class='ocr_par' dir='ltr' id='par_1_9' title="bbox 0 0 1277 4642">
     <span class='ocr_line' id='line_1_32' title="bbox 0 0 1277 4642; baseline 0 0"><span class='ocrx_word' id='word_1_214' title='bbox 0 0 1277 4642; x_wconf 95' lang='lat' dir='ltr'><strong> </strong></span> 
     </span>
    </p>
   </div>
  </div>
 </body>
</html>
