2476 4642
8 178 224 255 sati

160 335 270 402 lorum
307 314 569 417 androgynorum
598 354 627 395 v.
656 353 682 393 c.
717 328 859 416 Ιιίιιιιιιίι,Ι
883 353 921 419 ,οι
954 338 1093 401 Hirudiuit

123 446 126 452 ¹
162 451 297 514 accedit.
335 448 386 509 Ab
400 448 514 517 ,altera
541 464 648 519 autom
674 466 768 528 parte
795 452 884 513 idem
904 474 1034 535 quoque
1051 458 1095 539 cir·

82 542 89 559 ¹
140 560 144 568 ’
160 564 295 631 russub
322 579 420 647 partu
450 563 565 626 ovula
574 560 749 638 effundit,
759 580 796 629 ut
823 586 944 651 nexum
973 560 1098 651 ejusdem

148 678 373 745 'animalculi
363 695 448 741 mter
466 700 586 763 penem
606 660 639 741 et
660 684 780 785 ovaria3
800 681 854 742 vel
872 699 1000 763 partem
1018 690 1097 749 intar-

160 820 237 859 nam
256 817 463 859 communem
485 812 614 871 statuas,
636 800 725 873 cujus
747 813 855 857 autem
874 801 993 867 iterum
1013 822 1098 863 exen-

159 912 252 997 pla
243 935 278 974 m
304 910 494 973 animalibus
524 912 614 973 dictis
644 909 795 986 habebis,
827 917 915 979 etin
935 912 1097 995 Ampbisto·

159 1046 246 1091 mate
276 1031 389 1103 conico
417 1047 572 1109 suspensa
602 1010 719 1098 manu,¹
734 1025 871 1109 dissecto
900 1046 981 1089 ¹vasa
1003 1026 1096 1095 ,ovulia

160 1145 282 1215 referta
300 1147 334 1203 in
356 1146 473 1203 cirrum
494 1145 657 1202 terminari
676 1142 910 1203 distinctissime
929 1143 1004 1207 vidi.
1030 1144 1096 1203 Ovt·

159 1264 209 1321 ria
229 1280 301 1319 cum
321 1278 406 1338 poro
426 1256 571 1335 ventrali,
592 1260 648 1339 qui
669 1260 788 1323 cirrum
810 1257 1008 1327 admittendo
1026 1259 1094 1341 vagi

158 1396 234 1437 nam
255 1374 314 1435 sub
336 1378 426 1435 coitu
444 1372 583 1449 referat,
613 1374 713 1453 partis
742 1376 920 1447 communis¹
942 1393 1007 1453 ope
1026 1392 1093 1433 con-

157 1493 323 1573 municare
342 1508 411 1549 non
432 1504 497 1565 ost,
526 1488 618 1571 quod
638 1485 782 1564 dubites,
805 1490 893 1549 coitu
914 1504 1022 1567 autem
1036 1505 1091 1569 perf

160 1620 231 1667 acto
251 1607 304 1665 via
325 1601 454 1664 occludi
472 1601 612 1663 videtur.

217 1721 364 1781 Partus
354 1738 390 1779 ιιι
409 1717 682 1800 Amphistomate
700 1737 798 1779 ranae
819 1716 1057 1781 subotavato
1034 1716 1088 1777 vtti-

155 1854 272 1917 parus,
295 1837 444 1913 oviparus
464 1837 499 1893 in
520 1832 684 1907 omnibus,
705 1839 870 1915 quotquot
891 1837 1019 1917 cognita
1035 1833 1087 1901 siut,

156 1948 407 2011 Trematodibus
434 1948 576 2031 reliquis.v
620 1951 731 2031 Motus
760 1946 1024 2023 animalculorum
1044 1940 1085 2005 tub
1114 1986 1117 2033 5

155 2065 275 2127 eodem
293 2060 574 2140 vehementissimi,
594 2079 631 2126 ιιι
649 2063 720 2126 iere
742 2062 936 2137 convulsivi;
962 2030 1084 2157 fibrarum
1113 2054 1117 2101 ¹¹

156 2178 414 2241 transversalium
436 2185 655 2243 contractione
657 2178 755 2312 U
783 2199 904 2259 corpus
927 2148 1080 2267 elongatur,

155 2294 253 2357 ovula
279 2295 320 2357 ad
347 2298 512 2365 anteriora
531 2299 618 2357 etin
637 2298 756 2367 cirum
776 2294 948 2372 feruntur,
971 2293 1083 2379 longitu-

155 2410 311 2472 dinalium
332 2428 439 2472 autem
462 2415 606 2487 esnone,
638 2431 777 2492 corpore
806 2409 951 2485 breviori
970 2406 1081 2475 reddito,
1115 2426 1117 2479 ;

154 2527 269 2589 eadem
288 2526 487 2587 velocissime
509 2531 603 2608 copia
622 2532 736 2608 majori
755 2529 914 2589 minorive
934 2528 1081 2604 ejiciuntur,

154 2655 188 2702 et
204 2644 313 2720 quavis
336 2645 491 2719 ejectione
511 2658 654 2720 peracta,
677 2640 867 2702 animalculo
894 2644 982 2723 quies
1002 2638 1081 2719 aliqua

54 2758 57 2767 ’
110 2729 112 2735 ¹
153 2755 362 2831 conceditur,
382 2773 418 2816 ut
437 2772 547 2836 partus
567 2777 627 2836 per
648 2756 817 2820 intervalla
838 2756 1024 2819 absolvatur.
1055 2749 1080 2810 ΙΙΙ

151 2869 423 2952 Amphiscumute
438 2868 607 2933 Charadtii
626 2872 773 2953 pluvialis
795 2870 939 2933 comitto
962 2867 1079 2952 (rabi.

150 2986 217 3070 Fig.
231 2989 321 3064 4-6.)
343 3003 454 3064 partus
466 2988 600 3048 modum
613 2988 810 3072 singularem
827 2988 1004 3050 observavi
1022 2987 1084 3059 (3⁰¹1

149 3106 238 3184 poris
264 3105 417 3162 nimirum
444 3123 549 3184 prope
582 3103 739 3164 orificium
766 3107 929 3182 posticum
957 3094 1079 3186 globulus
1114 3158 1117 3167 .

150 3222 282 3298 (uterus
292 3218 319 3298 ?)
357 3218 625 3298 conspiciebatur,
654 3239 730 3279 mox
754 3219 810 3281 vel
833 3219 1026 3280 adscendens
1043 3209 1079 3272 vel

47 3404 51 3415 ι
149 3328 362 3404 descendens;
384 3334 468 3395 infra
489 3334 628 3396 eundem
648 3352 755 3395 autem
777 3354 883 3393 cornu
900 3332 1081 3395 exserebatur

148 3469 187 3509 ex
207 3469 291 3528 poro
313 3449 400 3511 dicto
421 3454 494 3511 satis
513 3449 650 3534 longum
672 3453 750 3533 (Fig.
761 3451 790 3511 6.
805 3454 844 3531 a.)
865 3465 960 3511 motu
980 3460 1081 3510 summo

147 3569 312 3647 agitatum,
334 3566 441 3626 donec
460 3586 566 3646 prope
589 3587 707 3644 corpus
721 3565 896 3647 abruptum
912 3565 1085 3633 discederet,

148 3697 214 3759 quo
216 3679 327 3753 ,facto
358 3680 508 3764 globulus
528 3679 584 3742 ille
604 3684 704 3764 magis
724 3684 892 3766 magisque
914 3695 1086 3743 commotus,
