2446 4644
937 245 997 312 ‚²97

112 397 141 445 te
170 383 360 460 eliciuntur,
393 384 438 445 ita
464 387 561 445 etium
587 385 708 451 eodem
733 406 866 468 prorsus
893 388 995 449 modo
1018 384 1025 397 '

110 519 138 559 us
168 482 248 561 inde
282 502 425 580 emergit
478 500 553 581 Quo
585 515 693 583 autem
720 503 821 564 modo
848 500 944 575 ovule
963 506 999 565 in

110 636 125 674 c
150 616 314 689 ferantur,
347 634 459 676 verme
479 614 544 676 sub
571 631 667 698 partu
691 616 819 681 fortiter
846 634 938 681 moto
966 634 999 681 et

110 734 269 790 entissime
290 746 457 791 contracto
478 730 582 792 videri
602 735 726 814 nequit,
747 734 807 795 sed
819 733 1001 811 ovuletanr

129 867 168 906 er
190 849 256 926 ejus
277 851 368 926 apice
387 845 580 928 pullulantia
601 851 827 927 conspicimus,
849 865 882 911 et
897 870 1002 933 coquo

110 983 173 1037 uu,
195 964 250 1042 qui
272 965 373 1020 cirrus
394 960 453 1021 sub
474 964 565 1023 coitu
583 982 712 1042 sperma
731 963 944 1029 masculums
986 1000 1001 1015 ·
1059 1031 1062 1035 ,
1149 995 1162 1008 ·

111 1097 118 1135 t
146 1097 218 1135 cum
238 1079 320 1141 vasis
342 1074 551 1152 seminifcris,
580 1077 633 1138 vel
653 1080 708 1159 qui
728 1097 828 1158 porus
850 1077 1002 1143 ventralis

116 1194 211 1251 coitu
230 1189 345 1252 volvae
366 1210 503 1251 munere
523 1191 662 1268 functus,
684 1208 796 1275 postea
818 1209 926 1266 autem
941 1213 1003 1255 ove

128 1309 367 1380 transmittens,
388 1327 461 1367 cum
481 1310 596 1369 ovuriis
617 1312 808 1384 conveniat,
828 1328 889 1369 nos
911 1307 1002 1391 fugit.

111 1422 199 1482 ilios
225 1421 313 1481 forto
341 1426 609 1499 communicatio,
639 1445 736 1506 quam
756 1428 791 1484 in
810 1421 1004 1497 Limacihus,

111 1522 190 1600 'r'um
216 1536 326 1618 quoad
348 1535 534 1617 genitalium
563 1555 754 1619 apparatum
773 1535 1005 1603 Distomatibut

111 1652 289 1713 iammodo
312 1651 474 1734 analogis,
496 1650 606 1713 locum
626 1649 733 1715 habet.

111 1751 353 1849 n'quibusdam
373 1782 544 1849 praeterea
564 1768 751 1831 Distomatis
771 1766 954 1849 speciebus,
976 1789 1006 1826 v.

111 1885 134 1942 ⁸.
160 1897 302 1942 crenaco
331 1881 432 1959 (Tub.
462 1884 500 1943 V.
520 1883 590 1965 Fig.
613 1885 660 1962 r.)
682 1898 714 1943 et
739 1884 783 1943 D.
802 1884 1009 1965 appendicu-

150 1997 210 2078 (ib.
231 1996 284 2080 fig.
306 2002 352 2076 2.)
386 1995 488 2057 cauda
509 2016 649 2077 corpore
670 2002 801 2060 tenuior
818 2001 854 2059 in
874 1994 937 2059 hoc
957 1992 1009 2059 ἑο,

112 2113 122 2167 i
151 2127 278 2193 potest,
306 2127 338 2172 ct
358 2116 393 2172 in
419 2112 462 2170 D.
484 2084 748 2194 oppendiculato
778 2110 1012 2198 cingulumln·

112 2246 148 2286 er
174 2227 385 2308 conspicitur,
415 2226 551 2288 caudrm
570 2231 660 2310 quasi
680 2230 868 2305 revinciens.
908 2229 1010 2311 Hujus

112 2362 159 2405 m
176 2341 323 2404 fabricae
337 2363 431 2420 usus,
458 2363 603 2424 numque
623 2347 827 2426 generationi
845 2345 1009 2418 inserviat,
1060 2330 1064 2337 ¹

112 2430 250 2533 [lenitus
278 2459 369 2542 fugit.
419 2456 541 2520 Porum
560 2455 738 2519 ventralem
764 2462 798 2517 in
819 2455 1011 2539 quibusdam

112 2573 240 2635 ‚entloe
268 2573 327 2634 sub
349 2575 458 2654 specie
484 2573 637 2657 protrudi
656 2592 768 2653 posse,
800 2574 836 2634 in
855 2575 933 2652 Cep.
955 2591 1012 2635 an·
1100 2616 1105 2621 -

112 2685 155 2749 d.
175 2695 201 2768 §.
222 2699 251 2760 a
271 2670 407 2749 monui(

112 2799 147 2860 k.
184 2805 449 2863 Monosttmaeis
481 2802 668 2888 genitalium
691 2818 875 2889 ¹apparatus
907 2804 1014 2885 priori

113 2922 227 2979 'ersim
251 2938 320 2979 non
341 2918 506 2995 absimilis,
542 2922 605 2979 nisi
625 2918 717 3000 quod
736 2938 838 2998 porus
858 2917 1011 2979 ventraiis

113 3040 148 3090 t.
176 3035 338 3094 Posticum
358 3055 451 3110 vero,
472 3036 528 3115 qui
547 3031 794 3114 Mphistomuti
815 3032 1012 3109 conceditur,

113 3155 288 3210 lostomati
307 3153 429 3230 pariter
451 3147 561 3208 datum
582 3167 662 3222 esse,
684 3161 717 3207 et
728 3148 896 3225 utriusque
913 3164 1012 3228 gene-

113 3267 241 3343 species
262 3263 426 3345 plurimas,
447 3265 482 3321 ni
503 3254 633 3338 omnes,
653 3280 672 3320 a
691 3262 828 3340 posteris
848 3263 953 3323 unitas
972 3261 1014 3318 iri
1078 3336 1083 3348 ι

113 3378 219 3451 >icon
239 3381 275 3439 in
294 3381 430 3439 maxima
446 3373 559 3437 saltem
578 3374 736 3435 Zederi
758 3377 876 3456 specie,
897 3374 1016 3445 Mono-

113 3504 194 3552 nate
229 3497 363 3570 conice,
404 3492 493 3575 quod
529 3491 650 3558 idcirco
686 3486 726 3549 ud
760 3486 1017 3568 Amphistomata
1071 3508 1073 3513 ’

113 3607 245 3684 tndavi,
266 3626 336 3666 non
357 3608 448 3669 deest
466 3591 567 3691 porus
586 3607 748 3689 poeticus,
783 3606 839 3686 qui
858 3605 894 3663 in
912 3606 1017 3667 mino.-

113 3735 147 3779 ιε
167 3723 263 3785 valde
282 3721 416 3804 pusillus
443 3720 548 3785 oculis
567 3706 719 3784 facillime
739 3715 881 3781 subtrahi
898 3733 1018 3800 potest.
