2446 4644
930 172 989 249 ²⁸7
1028 158 1032 165 ’
1062 216 1065 221 .

108 314 312 381 mssiusculae
331 317 453 393 forma,
472 318 508 377 in
526 310 666 380 ma'rtbus
687 314 814 399 spirali,
841 320 878 380 in
896 320 988 385 fmu-

108 449 207 508 recta,
236 453 346 493 sexum
366 432 507 513 prodita*
677 464 687 493 a

108 549 208 609 nares
225 551 260 610 in
281 548 403 611 caudae
425 552 514 630 apice
526 547 746 621 ,canaliculum
766 546 819 611 vel
831 547 988 611 linearem

113 664 324 749 pyriiormem
351 667 441 723 ostio·
467 665 616 726 distincto
647 661 804 740 hiantem,
840 669 989 727 emissum

109 796 150 839 tut
155 825 169 857 ,
200 800 239 841 ex
258 798 325 861 quo
346 776 445 864 stylus
472 793 578 841 rectus
607 781 732 861 (penis)
753 780 915 841 interdum
938 804 989 842 ex·

109 915 167 972 nr,
203 882 239 956 ui
266 894 429 956 nonnullis
455 893 622 974 speciebus
648 891 728 953 mihi
754 898 845 957 visus.
904 895 989 958 Vasa

109 1013 221 1071 metica
243 1013 325 1070 circa
346 1008 458 1071 tubtun
469 978 692 1072 'intestinalem
709 1013 745 1071 in
763 1024 857 1091 parte
872 1016 988 1073 vermis

109 1127 181 1185 siori
200 1139 357 1186 contorta.
803 1202 806 1207 Ι

110 1238 316 1299 ῗεπιοῖίανιινη
337 1245 446 1301 ovaria
465 1241 578 1302 itidem
599 1239 714 1301 eadem
728 1242 763 1299 in
778 1255 870 1321 parto
886 1244 989 1321 potis-

110 1375 148 1414 tm
168 1358 352 1435 conspicua,
375 1360 458 1417 circa
479 1358 664 1417 intestinum
685 1354 868 1433 convoluta,
889 1336 987 1439 saepe
1008 1428 1012 1447 Ι

111 1467 280 1557 iliiormia,
310 1487 343 1531 et
362 1472 511 1533 int'estino
539 1491 611 1531 cum
633 1474 748 1554 vagina
769 1472 878 1534 cloaca
901 1495 988 1535 com-

110 1587 136 1646 ‘ts
167 1607 316 1647 concessa
335 1587 473 1646 videtur.
521 1570 644 1661 Ovula,
676 1586 783 1667 qualia
804 1588 988 1651 Goezius

111 1706 129 1760 »ζ
156 1702 209 1763 Vl.
235 1702 303 1784 Fig.
330 1706 377 1782 7.)
404 1705 438 1759 in
464 1703 543 1781 Apri
570 1698 829 1782 Trichocephalo
855 1710 988 1785 reperit,

111 1818 174 1877 tica
199 1831 339 1897 utroque
367 1836 444 1901 vero
474 1820 509 1876 in
540 1819 632 1896 apice
658 1816 785 1877 nodulo
809 1822 988 1879 accessorio

113 1933 182 2007 nia,
202 1935 272 2011 ipse
293 1935 326 1989 in
345 1929 467 2010 leporis
485 1929 750 2012 Trioltooepltalo
767 1933 988 2009 unguiculato

131 2041 584 2127 ‹lictoreperi31nreliquis
608 2044 662 2106 vel
683 2040 823 2127 elliptica
842 2045 895 2109 vel
915 2047 989 2107 sub·
1087 2132 1091 2139 Ι
1164 2064 1167 2073 ·

112 2178 170 2223 0δᾶ
190 2178 275 2227 sunt.

112 2274 353 2359 Tiicltoceplcali
374 2254 527 2335 echiuuti
546 2293 621 2356 pars
641 2277 766 2354 postica
782 2296 911 2357 semper
926 2281 989 2358 spi·

113 2433 121 2446 ·
161 2394 198 2453 In
216 2394 255 2471 cl.
277 2391 416 2454 Pallas
437 2395 533 2451 icone
554 2387 647 2471 (Bibl.
671 2409 704 2454 n.
726 2395 810 2472 247.)
831 2390 990 2470 spiculum

112 2522 144 2581 >e
171 2509 305 2570 caudam
335 2506 468 2588 simplex
495 2505 699 2587 depingitur,
737 2502 832 2587 quale
858 2508 894 2565 in
912 2527 989 2567 meo

113 2640 151 2683 snt
171 2625 371 2686 desideratur
391 2624 583 2703 specimine,
608 2640 730 2679 rnareru
750 2623 859 2701 itaque
879 2618 989 2703 fuisse,

113 2708 192 2801 nel.
212 2744 261 2802 vir
283 2737 444 2814 obtulerit,
466 2758 507 2801 eo
527 2739 627 2818 magis
650 2734 805 2795 credendi
826 2718 920 2796 datur
940 2736 990 2798 lo·

113 2900 116 2909 .
145 2876 215 2915 cum
243 2858 276 2913 in
307 2853 414 2916 Triuia.
443 2851 663 2932 anguiculum
691 2849 849 2929 spiculum
877 2852 990 2931 itidem

113 2967 173 3029 ilex
192 2969 323 3050 (absque
346 2965 534 3048 canaliculo)
557 2980 589 3027 et
607 2965 828 3048 longissimum
844 2964 989 3039 viderim,

114 3083 184 3161 [uod
207 3106 258 3144 vas
274 3087 498 3164 spermaticum
512 3080 642 3143 abierat
669 3081 708 3141 In
724 3078 1001 3173 Trichoceplralo

140 3215 171 3258 et
195 3199 285 3260 bovis
314 3198 426 3272 adfini
451 3194 528 3256 mihi
549 3195 635 3256 dicto
657 3194 795 3277 genitale
817 3192 991 3253 masculum

119 3330 183 3376 arte
204 3314 312 3395 spirali
331 3335 495 3397 nunquam
516 3325 673 3373 exsertum
693 3310 768 3370 vidi.
818 3308 991 3369 Tricltocc·
1080 3350 1083 3355 -

114 3428 136 3487 li
154 3432 284 3492 tandem
298 3432 494 3497 tenuissimi,
516 3432 551 3488 in
570 3428 673 3509 strigo
688 3421 823 3486 Bubone
838 3445 857 3485 a
871 3439 992 3484 memet

115 3547 176 3619 ecti,
196 3549 291 3607 maris
313 3561 473 3606 structura
492 3558 634 3605 ceterum
653 3539 721 3601 fere
743 3532 857 3599 eadem
877 3560 914 3598 ac
934 3536 992 3597 hu·

117 3661 144 3737 i,
172 3660 229 3720 sed
255 3682 330 3742 pars
360 3665 493 3721 crassior
519 3656 642 3741 spiralis
666 3654 812 3717 nonest.
854 3652 991 3734 Capillu-
