2476 4642
136 304 138 309 Ι
152 210 213 273 530

68 406 72 425 .
151 381 213 451 put
230 368 432 451 ignorantes,
459 376 513 424 aut
539 363 675 425 eandam
701 365 863 427 vermibus
889 368 1019 427 invicem
1037 365 1078 434 sihi

152 477 396 543 adhaerentibus
416 484 562 551 constare
580 478 744 563 lingentes,
764 498 869 554 novos
890 500 1013 561 semper
1028 482 1077 541 arti·

153 597 242 659 culos
261 594 410 676 utrinque
430 580 647 665 secedentium
660 594 735 656 loco
754 594 815 655 sibi
829 595 991 657 vindicare
1002 594 1077 657 haria

151 714 208 775 leti
228 726 316 781 sunt;
353 730 389 772 ex
418 730 484 792 quo
507 723 615 770 autem
636 710 779 770 Taeniae
807 711 914 789 Caput
948 714 1077 793 cognitum

150 829 221 902 fuit,
240 828 396 909 posticam
417 840 541 886 tantum
563 829 707 904 corporis
726 840 851 904 partem
876 829 968 886 novis
991 829 1083 913 ineres-⁵

153 962 225 1005 cere
247 928 386 1002 amiculis
410 960 484 1013 cum
503 939 666 1023 Andryo
694 955 863 1019 putarunt,
899 937 1077 1001 donecPsl·

151 1055 210 1131 las
237 1068 269 1117 et
296 1055 335 1115 0.
365 1055 413 1117 Fr.
439 1054 607 1130 Miller,
642 1042 702 1115 vlri
730 1076 854 1131 summa
876 1055 972 1115 laude
1000 1052 1075 1134 digni,
1100 1038 1104 1045 ¹

150 1172 381 1239 incrementum
400 1175 435 1231 in
460 1184 552 1251 parte
577 1173 769 1231 Taeniarum
794 1141 921 1249 postica
944 1168 1009 1229 fi‘ari
1026 1166 1096 1227 nni.

150 1269 229 1360 lum,
250 1286 308 1346 sed
332 1275 565 1349 incrementum
590 1288 700 1366 potius
726 1284 935 1345 articulorum
959 1287 1074 1362 inparti

147 1392 292 1489 ⁴filif'ormi
310 1399 532 1460 assumendum
554 1419 621 1460 esse
642 1402 701 1478 (N.
728 1400 826 1458 Nord.
854 1399 961 1482 Beytr.
979 1397 1072 1457 Vols.

151 1517 185 1575 P.
206 1538 235 1575 s.
255 1535 288 1597 p.
308 1514 369 1593 68.)
391 1504 566 1575 statuerint.
610 1514 736 1593 Corpus
755 1514 959 1601 indefinitam
982 1516 1012 1572 in
1025 1513 1071 1572 lan

151 1608 339 1717 gitudinemJ
357 1629 494 1690 articulis
513 1631 752 1710 novis·postice
774 1612 945 1708 appositis,
956 1647 1025 1693 ¹nou
1039 1646 1072 1687 ax·

152 1766 298 1818 marcere,
319 1744 461 1831 Taeniaa
481 1744 627 1807 articulus
648 1742 794 1817 ultimus,
815 1744 968 1835 idemque
984 1738 1070 1825 paridi

150 1865 221 1936 eris,
241 1874 279 1921 ut
297 1863 331 1919 in
349 1857 764 1939 praecedentibusmonui,
785 1846 926 1932 formae,
950 1850 1006 1920 nc'r
1023 1873 1069 1917 non

65 2055 69 2066 Ι
148 1980 339 2059 posteriores
361 1993 484 2047 omnes,
503 1977 538 2033 in
558 1974 672 2033 adultis
694 1977 760 2035 ovis
780 1974 877 2048 fonti,
898 1974 968 2035 laxe
986 1950 1085 2033 colse·

149 2106 264 2164 rantes,
273 2087 432 2170 facileque
449 2074 702 2162 secedentes,vel
717 2088 826 2151 ovario
840 2088 950 2170 elapso
960 2087 1069 2171 perlon-

79 2206 82 2217 '
150 2209 185 2277 ti,
206 2203 257 2264 vel
273 2203 336 2263 alio
358 2203 458 2267 modo
477 2202 576 2263 laceri
596 2218 634 2297 et¹
642 2203 787 2277 mutilati,
810 2201 940 2265 abunde
954 2201 1068 2285 probant
1094 2244 1098 2253 .

147 2321 174 2378 E
196 2335 306 2383 contra
327 2334 433 2379 autam
453 2320 646 2379 Taeniarum
666 2323 839 2398 specimina
853 2322 1070 2397 juniorasispe·

149 2414 280 2508 stamus,
303 2433 409 2515 qualia
432 2434 465 2491 T.
488 2454 656 2514 expansae
681 2455 778 2514 supra
806 2439 938 2493 memini
945 2478 967 2507 ,‚
982 2432 1071 2494 solum·

117 2532 122 2543 ¹
146 2526 248 2609 modo
268 2565 384 2631 rugosa
403 2551 575 2626 reperimus
591 2551 638 2627 *);
659 2546 916 2630 Taeniolamque
936 2551 1022 2609 talem
1038 2566 1074 2606 ru·

147 2684 256 2748 gosam
276 2664 361 2721 lanta
382 2662 517 2740 simplici
535 2665 584 2723 vel
600 2668 814 2744 microscopio
831 2682 967 2739 auctam,
988 2668 1075 2725 articu-

146 2779 183 2837 lis
206 2792 348 2836 constare
369 2779 556 2849 innumeris,
577 2778 690 2836 horum
713 2795 820 2838 autem
841 2779 1012 2860 quemlibet
1028 2798 1076 2838 cre·

145 2895 194 2950 nis
217 2891 441 2973 marginalibus
461 2892 676 2972 compluribus
699 2897 833 2954 divisum
854 2899 1003 2957 invenias.
1029 2895 1078 2952 Has

146 2984 251 3066 autem
273 3008 417 3067 arenulas
439 3028 549 3068 omnes
572 3011 705 3071 totidem
727 3008 783 3068 sub
811 3012 1009 3071 incremento
1028 3011 1081 3070 fieri

146 3122 305 3195 articulos,
328 3138 382 3181 aut
404 3125 511 3184 denuo
532 3128 645 3186 iterum
667 3127 763 3184 dividi
783 3143 881 3203 posse
897 3126 1082 3186 crediderim.

144 3237 181 3296 ln
200 3241 371 3316 specimine
391 3239 548 3316 ejusmodi
568 3239 685 3302 tenello
715 3254 810 3319 caput
832 3245 979 3318 corporis
1004 3244 1085 3300 ratio·

196 3516 224 3585 ⁸)
240 3521 402 3590 Tantoparc
424 3535 516 3571 autem
536 3517 671 3590 aequalia,
690 3517 733 3569 vel
753 3524 882 3590 rugarum
903 3520 1032 3574 omnium
1051 3541 1088 3572 ex·

142 3605 240 3677 partia,
259 3625 291 3658 ac
311 3607 469 3661 Goezius
490 3606 575 3671 (Tan.
593 3604 721 3661 XXVIII.
741 3607 799 3677 Fig.
820 3611 859 3677 7.)
886 3605 1030 3662 delineata
1049 3607 1089 3660 de·

133 3690 222 3754 aderit,
241 3713 303 3748 mea
322 3695 389 3750 licat
405 3692 463 3750 suis
483 3693 573 3767 duplo
593 3695 700 3747 minora
718 3693 790 3756 sint,
808 3713 958 3767 nunqnam
977 3695 1044 3752 vidi.
