2476 4642
105 410 106 429 ι
157 330 262 418 matis
288 352 431 447 ejusdem
448 353 551 431 -piscis
575 351 794 434 polymorplti
821 355 917 421 ovula
943 379 1079 421 cum-m,

157 448 275 556 gutna,
304 489 350 535 ex·
362 463 571 541 vulnusculo,
602 450 704 549 digito
725 488 799 530 meo
822 467 966 547 nutem,
996 494 1097 537 recu.

155 604 205 648 ter
226 588 260 645 et
277 588 312 647 iu
329 584 463 645 eandem
484 584 690 661 microscopii
709 582 863 662 patellam
878 591 1003 663 emisso,
1021 610 1081 650 con·
1104 650 1108 663 ,

121 690 128 695 ’
153 704 273 782 paravi.
331 678 504 780 'Sanguinis
539 699 605 757 mei
632 695 755 779 globuli
788 686 896 779 prope
932 703 1022 764 ovula
1045 704 1082 764 ills

66 876 69 882 ,
103 788 125 861 ¹-
153 820 289 876 maxime
309 810 425 892 pusilla
447 831 644 891 apparuere,
674 809 750 871 licet
770 801 902 875 uermes
915 823 1020 899 magni
1036 838 1083 879 ιιοι

154 935 238 1004 sint,
273 944 306 988 et
332 918 491 987 Ascari'dis
509 927 624 991 dictae
645 925 785 997 ovulum
814 932 975 1012 sanguinis
996 928 1108 1013 globu‘·

154 1046 237 1107 luni
233 1044 349 1104 decies
370 1056 407 1100 ut
425 1040 495 1100 fere
514 1016 610 1101 vicies
632 1041 790 1101 diametro
812 1059 944 1122 superat
949 1086 962 1119 ,
984 1048 1009 1105 si
1026 1043 1083 1103 hanc

153 1180 234 1221 vero
257 1157 299 1217 ad
329 1159 425 1219 totius
455 1155 542 1215 otu-li
568 1155 721 1216 volumen
741 1155 863 1230 refers,
894 1157 929 1216 id
949 1161 1082 1242 sanguinis

155 1273 288 1360 globulo
311 1272 416 1331 decies
436 1268 550 1328 millies
571 1254 670 1349 majus
693 1273 761 1329 erit
804 1262 932 1331 Videsis
955 1294 1038 1356 ergo,
1053 1292 1081 1333 ιιι

101 1460 121 1477 ιχ
154 1386 347 1477 hypothesin
368 1384 554 1462 recipiendo
573 1383 707 1444 absona'
720 1385 881 1461 cumules,
914 1402 1000 1447 tanta
1021 1390 1091 1481 euin!

156 1502 251 1567 ovula
271 1520 345 1563 vasa
359 1509 581 1559 transcurrere
601 1519 670 1560 nou
688 1516 841 1579 possunt,
863 1522 947 1582 quae
966 1500 1112 1582 partibn
1110 1500 1113 1507 '

153 1615 363 1680 nutcieudis'
354 1617 532 1674 inserviunt
542 1656 554 1689 ‚
576 1634 637 1675 nec
658 1616 818 1697 sanguinis
841 1604 975 1696 quidem
994 1614 1081 1701 globu-

74 1720 78 1729 ¹
154 1734 213 1797 los
225 1731 406 1795 admittunt

211 1845 262 1908 Ab
292 1844 392 1904 altera
427 1858 534 1904 autem
563 1859 674 1924 parte,
713 1847 742 1902 si
771 1841 867 1903 ovula
886 1845 1036 1905 omnibus
1056 1864 1081 1903 ex
1117 1894 1122 1899 .

93 1980 100 2011 2
152 1961 295 2045 partibus
329 1972 485 2021 vasorum
516 1957 756 2033 ‘absorbentium
791 1972 823 2016 et
851 1960 1081 2041 sanguiferorun
1118 1916 1122 2013 1ε

155 2098 218 2157 ope
241 2075 282 2135 ad
305 2089 433 2134 uterum
455 2087 486 2131 et
507 2076 651 2134 ovariutn
672 2072 875 2173 deferantur,
903 2079 1009 2135 omnia
1026 2094 1082 2134 ovu-
1119 2066 1122 2081 ¹

150 2191 195 2255 lis¹
217 2205 339 2251 scatere
367 2188 593 2248 assumendum
620 2187 724 2255 foret,
762 2187 880 2249 horum
898 2193 988 2250 enim
1006 2189 1094 2270 pluri-¹

150 2327 203 2372 ma
224 2319 314 2366 certe
339 2307 501 2383 perirent,
528 2303 581 2362 vel
602 2284 644 2363 ad
662 2320 770 2383 partes
792 2303 911 2364 alienas
942 2284 1083 2364 deferren-

151 2438 221 2495 tur,
250 2436 282 2479 et
302 2423 489 2498 paucissima
515 2433 638 2478 tantum
667 2417 741 2476 loco
776 2419 935 2479 destinato
966 2416 1084 2499 appelle·

150 2553 269 2597 rentur.
333 2535 502 2613 Quantane
530 2549 637 2592 autem
667 2555 787 2614 quaeso
815 2533 905 2594 labes
939 2557 976 2594 ex
1004 2531 1083 2593 ovulis

151 2674 222 2712 cum
250 2653 403 2729 sanguine
439 2647 570 2728 aliisque
598 2647 783 2707 humoribus
813 2652 1009 2710 circumactis
1037 2650 1084 2707 ori·

150 2780 248 2827 retur.
298 2763 362 2820 Sed
392 2763 433 2820 ob
455 2762 657 2821 vasculorum
678 2765 884 2821 minimorum
908 2765 1025 2824 lumina
1045 2783 1088 2825 ea.

150 2881 224 2940 dem
244 2860 311 2936 nen
330 2879 487 2955 capientia
507 2896 672 2958 nunquam
694 2893 778 2936 certe
800 2879 1019 2956 admittuntur,
1037 2897 1083 2936 nec

147 2999 181 3098 ip
209 2981 363 3074 sanguine
392 2993 552 3070 ejusmodi
583 2994 662 3073 quid
698 2990 756 3052 sub
785 2998 999 3075 micrcscopio
1026 3013 1083 3052 con·

148 3113 288 3188 spicitur.

206 3224 349 3301 Argum.
372 3222 424 3280 ΙΙΙ.
465 3223 575 3281 Ovula
596 3243 705 3304 aeque
721 3245 845 3303 parum
866 3245 910 3282 ex
931 3239 1025 3282 utero
1043 3219 1086 3279 nel

268 3339 367 3399 evulo
390 3339 556 3417 insuetus
577 3338 736 3396 distribui
754 3354 901 3419 possunt.

210 3455 349 3525 Omnes,
371 3471 448 3531 quas
470 3455 504 3509 in
524 3452 790 3531 praecedentibus
813 3454 1020 3537 animadverti
1040 3449 1092 3511 dis·¹

144 3568 300 3629 ficultates
321 3565 402 3625 hanc
424 3571 507 3625 circa
528 3589 595 3626 rem
618 3584 783 3651 augentur.
840 3570 903 3629 Fac
925 3575 1010 3628 enim
1029 3589 1088 3628 ver·

144 3688 244 3744 mium
265 3682 360 3744 ovula
380 3687 413 3741 iu
434 3681 609 3767 embryone
630 3685 765 3744 coltecta
788 3707 873 3764 esse,
895 3686 1013 3747 modus
1034 3704 1089 3744 cet-
