2446 4644
147 261 204 311 102

186 408 324 471 anticam
343 407 496 489 utrinque
516 402 748 482 filamentesam
770 420 859 477 este,
889 400 983 469 collo
1001 386 1090 478 nudo,

186 523 292 598 eapite
313 519 589 601 quadriosculato,
611 521 738 594 inermi,
759 516 876 579 orodis
897 518 1010 597 capitis
1028 538 1091 599 pro·

185 634 335 711 minulis,
356 634 539 714 perforatis.
581 637 709 697 Ovaria.
742 634 901 696 Taeniatn
919 629 1044 719 homini
1061 630 1091 693 ab

187 747 376 810 animalibus
397 750 516 812 inferri.
1041 830 1045 838 1

146 862 217 942 548.
237 835 431 944 Ejusdem
458 862 632 928 Nouvelles
663 859 931 957 recherchesfsur
951 858 984 923 la
1004 875 1089 925 tuae

189 992 261 1039 ture
282 979 326 1039 du
350 983 482 1043 Taenia.
522 981 577 1043 In:
597 980 748 1041 Roaier
768 979 861 1040 Obss.
883 977 926 1038 de
946 974 1089 1062 Physiqat

79 1126 82 1137 ·
189 1093 228 1153 T.
249 1092 305 1191 Ili.
327 1115 358 1174 p.
380 1095 536 1175 2430267.
565 1116 637 1156 cum
658 1093 720 1157 tab.
743 1115 812 1154 aen.
833 1092 854 1133 *
900 1091 1089 1155 observate

113 1233 115 1238 ·
188 1225 248 1269 nes
269 1204 369 1270 bonas
387 1212 421 1302 in
437 1226 574 1272 tractatu
589 1206 802 1270 antecedente
816 1228 832 1267 a
848 1229 882 1275 se
900 1206 1024 1269 oblatas
1035 1212 1088 1289 ipat

35 1398 37 1407 ,
104 1376 106 1383 ,
190 1322 252 1402 jam
274 1327 408 1402 spernit,
424 1304 571 1385 'Taeniae
585 1323 671 1385 latae
686 1338 783 1407 eaput
795 1316 907 1385 fissun't
926 1312 1087 1402 (baudai

164 1434 276 1512 ,deux
294 1432 418 1521 ldvres)
445 1437 617 1522 fingendo;
654 1414 688 1500 se
716 1437 793 1499 olim
817 1437 928 1498 forsan
959 1439 997 1498 Τ.
1024 1435 1086 1501 salit

191 1567 288 1629 caput
301 1552 661 1636 delineassepeaperatn
676 1554 773 1625 addit.
782 1588 822 1603 -
832 1552 1087 1636 Πιταφιοῠὶεεοτ·

168 1643 172 1651 “
190 1670 270 1725 tatio
286 1669 374 1727 redit
387 1673 421 1728 in
434 1669 593 1750 ejusdetn:
615 1671 759 1732 Oeuvras
775 1666 1105 1763 d’histoirenamrdle'

192 1794 225 1838 et
254 1780 295 1840 de
322 1780 538 1864 Philosophia.
579 1786 617 1847 T.
651 1788 722 1848 1-3.
751 1782 932 1848 Neuchatel
965 1791 1087 1868 1779.4

191 1894 230 1954 T·
251 1903 284 1972 4,
304 1906 333 1966 5.
357 1909 442 1980 ¹78¹·
463 1901 587 1983 reliqua
607 1913 628 1974 5
645 1901 819 1979 Volumina
840 1906 1021 1984 argumenti
1036 1899 1089 1985 phi·

191 2006 359 2090 lotophici.
400 2017 495 2077 Prior
514 2018 700 2079 Tractatus:
729 2018 767 2078 T.
789 2035 817 2075 a.
842 2037 874 2097 p.
896 2017 1029 2096 65·134
1045 2034 1089 2100 po·

192 2130 327 2186 sterior:
346 2131 384 2191 Τ.
404 2139 432 2201 5.
455 2133 487 2192 P.
512 2153 536 2191 ι.
557 2152 589 2213 p.
608 2138 761 2212 178·212.
787 2130 980 2213 Ibidemque
992 2151 1024 2216 p.
1036 2130 1089 2193 uh

192 2244 253 2313 2⁵35
281 2246 428 2307 additur:
464 2240 682 2327 -Suppldment
709 2266 770 2307 aux
795 2244 965 2309 nouvelles
985 2243 1090 2310 tetber-

194 2356 269 2421 ches
291 2382 345 2421 sur
365 2360 397 2421 la
417 2377 575 2424 structure
598 2363 642 2423 du
661 2364 792 2423 Taenia.
821 2360 1048 2445 Dryander.

252 2477 437 2537 Bonneti
471 2478 512 2537 de
542 2477 671 2537 Taeniis
705 2475 945 2538 observationes
976 2476 1091 2541 redeunt

193 2573 290 2651 etiam
311 2594 345 2650 in
364 2590 481 2650 librum
502 2594 745 2671 insequentem,
779 2593 931 2654 Goeaii
951 2611 1028 2653 cura
1043 2606 1092 2649 mr·

192 2709 361 2784 ximopere
382 2720 529 2765 auctum:
557 2704 817 2789 Abhandlungen
839 2726 894 2767 aus
924 2706 986 2769 det·
1003 2700 1092 2767 Intel-

193 2815 318 2901 tologie
341 2839 407 2881 von
426 2820 590 2881 Bonnet
609 2822 676 2882 und
692 2821 820 2909 ‘andern
832 2817 1093 2883 Naturforstharn.
1125 2868 1127 2909 Ι

193 2932 232 2995 A.
248 2933 279 2996 d.
296 2933 406 2995 Franz.
428 2939 488 2995 mit
509 2939 638 3022 einigen
653 2939 812 2997 Zusiitzen
825 2955 892 2996 von
910 2936 929 2995 J
937 2933 998 2996 oh.
1018 2935 1094 3014 Aug·
1124 2914 1127 2951 ⁹

192 3047 313 3131 Ephr.
344 3052 494 3114 Goeze.
530 3051 625 3117 Halle
650 3065 734 3132 1775.
763 3060 791 3133 8.
822 3051 864 3119 de
892 3048 1052 3119 vermibus
1073 3066 1095 3127 p·

196 3187 290 3251 ¹¹92·
312 3171 426 3252 agitur.

152 3281 222 3364 549.
244 3282 374 3345 Eman.
394 3286 530 3366 lidnig
552 3282 627 3345 Obs.
645 3282 685 3344 de
708 3302 766 3349 ore
784 3297 815 3347 et
828 3279 1027 3361 proboscide
1042 3297 1098 3343 ver·

194 3401 294 3460 mium
323 3399 605 3470 cucurbitinorurn,
656 3397 694 3465 ltt
721 3399 788 3458 Act.
817 3397 945 3465 Helvet.
981 3395 1055 3457 Vol.
1081 3413 1099 3450 1.

195 3513 306 3592 (Basti.
331 3523 417 3594 1751.
438 3519 487 3595 4.)
507 3535 538 3595 p.
562 3527 680 3593 ama.
695 3514 715 3551 ⁴‘
750 3514 796 3575 Ex
816 3496 889 3575 solii
907 3511 1102 3575 articulorum

194 3628 405 3697 foraminibus
432 3627 661 3713 marginalibus
690 3627 742 3688 fila
777 3626 984 3710 (lemniscos)
1014 3624 1103 3688 emitti

194 3739 381 3833 retrahique
402 3745 497 3820 vidit,
526 3765 610 3826 quae
629 3765 691 3824 pro
713 3741 966 3823 proboscidibus
990 3740 1103 3808 vendit,
