2446 4644
146 224 206 305 278
248 218 252 225 '

147 370 216 443 tum
237 378 417 439 discrimina
443 375 617 459 generatim
637 362 780 435 notandis
800 384 905 434 erunt.
950 370 1053 435 Section
1086 380 1112 443 sil

144 493 334 556 methodum
354 497 388 551 in
408 491 487 575 Cep.
506 490 532 551 1.
552 491 719 569 proposui.

228 613 308 671 Mas
327 608 444 685 femina
463 623 524 686 pro
546 582 638 665 more
657 607 764 665 minor
784 616 815 664 et
834 600 994 687 gracilior,
1016 618 1056 661 ca
1089 610 1112 673 st

151 725 211 787 dae
231 726 323 805 apice
344 722 479 782 acutiori
506 734 538 781 et
563 723 712 789 incurvo-3
739 717 871 802 genitali
898 732 1057 779 exterrens
1092 730 1104 788 t

148 842 293 923 plurimis
315 857 375 898 nec
394 835 473 918 mihi
490 856 633 918 uuquam
658 848 780 895 exserto
800 835 889 907 viso,
918 852 938 892 a
956 834 1015 893 viris
1028 826 1059 889 tl·
1095 854 1112 901 u

147 954 302 1025 Pallas,
324 953 458 1011 Goeze
480 951 655 1011 etZeder
674 964 782 1010 tamen
798 939 987 1027 observato:
1004 946 1062 1007 (ies
1096 960 1112 1015 t·

149 1071 234 1127 zius
254 1069 404 1126 nimirum
426 1072 471 1145 (p.
493 1066 555 1145 73.)
592 1076 624 1123 et
644 1064 777 1140 Pallas
806 1066 910 1141 (cujus
941 1063 1065 1141 descriptis
1100 1074 1111 1129 ι·

150 1180 272 1242 ibidem
293 1186 409 1261 exstat)
443 1183 479 1239 in
503 1180 653 1239 Ascaride
679 1182 742 1238 suis
761 1176 978 1239 lumbriceide
993 1194 1070 1263 pent!
1105 1205 1112 1245 ι

152 1295 372 1356 brevissimum
405 1291 464 1354 sub
499 1294 602 1354 cauda
632 1291 811 1354 extensilem
823 1332 835 1363 ,
868 1306 902 1353 et
935 1294 1075 1355 Zedertt
1110 1322 1112 1347 t

153 1410 246 1485 (Erst.
269 1407 430 1492 Nachtrag
448 1428 480 1488 p.
502 1411 564 1485 28.)
588 1410 623 1467 in
643 1388 781 1467 humana
801 1407 946 1509 genitale
965 1406 1078 1469 lature

154 1522 378 1585 acinaciforme
400 1536 557 1582 exsertum
579 1521 736 1581 viderunt.
776 1522 899 1583 Persem
923 1522 1081 1584 obesum

153 1654 216 1699 tres
253 1641 377 1698 circiter
406 1636 506 1696 lineas
537 1622 671 1717 longum
701 1638 784 1696 intus
814 1635 940 1711 latere,
983 1636 1084 1721 vulgetis

152 1758 271 1835 species
295 1767 357 1822 est;
392 1752 496 1813 lineae
516 1754 670 1812 nimirum
691 1764 721 1809 et
741 1750 832 1832 quod
854 1757 999 1813 excurrit
1015 1756 1086 1836 spuit
1110 1738 1112 1745 ¹

159 1888 179 1929 a
200 1869 322 1929 caudae
351 1871 444 1946 spice
470 1869 534 1926 cuti
559 1868 693 1927 insertus
708 1858 840 1949 'gracilis
867 1844 987 1950 incipit
1006 1882 1089 1929 etu-

100 1990 105 1997 '
153 1984 241 2065 plior
261 1983 309 2051 fit:
335 1985 420 2064 parti
447 1990 591 2041 summae
619 1996 649 2041 et
670 1984 860 2042 constrictae
882 1982 970 2045 alter
990 1974 1023 2045 e't
1037 2002 1091 2045 ott·

154 2103 223 2159 sior
255 2101 405 2161 inseritur
441 2095 572 2170 canalis,
606 2100 694 2175 cujus
720 2096 936 2159 membranae
963 2104 1092 2161 tenuiore

157 2228 250 2290 sunt,
287 2217 346 2274 iste
383 2211 423 2271 sb
456 2214 549 2271 initio
571 2216 664 2271 etiam
685 2216 806 2282 tenuis,
831 2234 912 2275 mox
935 2216 1094 2299 ampliore

157 2328 335 2410 inaequalis
357 2304 481 2388 sursum
496 2327 685 2405 ascendens,
708 2342 739 2388 et
757 2330 900 2389 duorum
917 2336 1042 2395 circiter
1049 2328 1095 2412 pol·

152 2443 250 2503 licum
270 2444 470 2525 longitudine
490 2447 619 2502 emetita
639 2448 754 2503 iterum
776 2447 995 2529 gracilescens
1017 2446 1095 2510 etde

155 2580 243 2618 mum
275 2561 473 2618 tenuissimus
501 2559 600 2618 lactus
627 2561 1000 2640 contortiplicationibus
1024 2565 1095 2644 pluri·

154 2676 265 2732 miset
287 2677 421 2732 maxime
446 2677 537 2734 variis
565 2674 633 2734 tubi
654 2676 837 2736 intestinalis
860 2694 992 2756 partem
1013 2676 1095 2740 obvol-

154 2789 198 2845 vit
231 2787 369 2845 mediam
405 2794 550 2863 (summu
583 2769 669 2850 enim
703 2790 741 2850 ab
768 2792 887 2850 eodem
913 2793 1018 2856 libers
1043 2804 1092 2867 εει).

158 2899 442 2980 Quemadmodum
476 2925 549 2982 pars
575 2909 697 2985 prima,
731 2905 900 2966 tril1nearis
933 2932 1008 2968 cum
1026 2926 1094 2989 pens,

155 3018 199 3073 sic
221 3013 320 3075 alteru
342 3015 555 3097 (bipollicaris
577 3035 608 3080 et
629 3020 750 3100 ampla,
771 3022 892 3081 lineam
915 3025 987 3085 fere
1004 3027 1094 3084 diame-

157 3143 207 3189 tro
232 3130 429 3211 adaequans)
459 3154 531 3193 cum
553 3135 689 3194 vesicula
710 3137 875 3211 seminali,
897 3138 1094 3201 ultima'dsn's

158 3266 240 3327 que,
272 3246 428 3326 bipedalis
459 3263 489 3307 et
518 3249 606 3329 quod
630 3254 781 3322 excurrit,
804 3252 847 3310 fili
869 3261 988 3317 cericei
1008 3257 1094 3316 tenuis

157 3364 230 3421 simi
252 3362 377 3422 aemula
399 3384 470 3421 cum
494 3365 627 3423 vasculis
648 3366 782 3424 testiculi
802 3370 1015 3431 seminalibus
1035 3388 1093 3430 corr·

156 3491 268 3555 parata
291 3492 354 3551 est,
387 3483 635 3540 necimmerito.
688 3483 905 3544 Wernerus
934 3487 1038 3560 (brev.
1061 3504 1092 3541 er·

157 3609 227 3669 poa.
248 3611 280 3670 p.
302 3595 363 3669 82.)
384 3615 436 3654 vas
457 3597 544 3655 istud
570 3595 735 3656 filamentis
757 3599 889 3659 demum
917 3600 1091 3663 tenuissimis,

158 3707 260 3783 pilum
281 3713 421 3772 crassitie
446 3730 514 3773 non
543 3713 779 3791 superantibus,
812 3714 984 3797 libereque
1007 3714 1092 3776 lluctu·
