2476 4642
142 210 255 345 374'.

138 430 215 476 ‘esse
233 412 301 473 noit
317 414 429 493 pessit.-
454 406 595 489 -·‘'1lquae
614 405 707 490 huius
725 425 808 489 potu
828 393 958 477 vermes·
974 414 1007 470 iu
1023 408 1087 473 (ποτέ

140 538 206 610 'pur
231 526 405 593 humanum
429 524 529 599 ferri,
565 522 886 607 ibidemque'foveri
913 541 945 587 et
963 528 1080 605 majuret

141 644 216 705 lieri
245 647 360 723 statuit.
400 643 435 703 Si
456 638 494 699 cI.
516 642 568 700 vir‘
586 628 692 700 aulem
720 628 782 720 prb
803 640 958 702 Ascurida
983 638 1082 700 hebue-
1121 696 1124 721 Ι

142 761 204 849 ¹uit,
234 756 533 818 cur-lumbricui'dis
561 775 622 815 nec
646 757 756 845 potius
783 754 1004 815 vermicularis
1022 774 1085 835 pru-
1120 726 1124 773 ³

143 865 212 932 lem
232 872 364 948 dixerit,
377 870 461 933 ‘nou
481 873 594 951 cupio,
617 868 684 951 jam'
705 874 790 930 enim
811 870 979 930 diversitas
999 868 1085 929 adbuc
1117 868 1124 933 ,’

146 988 248 1067 magis
280 990 454 1067 eonspieua'
482 987 643 1067 opinionis
673 1004 750 1044 suae
778 984 953 1045 falsitatem
979 978 1085 1040 facilius
1121 988 1124 1035 ἶ

150 1100 262 1181 arguit.
301 1099 390 1160 Inter
408 1105 592 1165 innumeras
612 1120 691 1161 vero
698 1145 709 1175 ‚
738 1120 822 1187 quae
845 1101 962 1159 danmr
982 1097 1085 1157 Meuri-
1120 1072 1124 1102 Ι

147 1212 228 1272 ilum
248 1218 398 1293 species,¹
410 1220 466 1297 qui
484 1216 699 1301 'embryo'num
722 1206 870 1289 illorum,
902 1232 984 1292 quos
1004 1210 1085 1293 lingit,
1120 1198 1124 1261 Ᾰ

86 1372 91 1385 ,
148 1325 266 1385 natalia
285 1332 366 1388 scire
385 1330 503 1409 patula
517 1330 560 1391 'ut
581 1330 623 1388 ad
643 1327 728 1388 banc
743 1327 870 1389 illamve
893 1328 1032 1407 speciem
1047 1344 1086 1384 re·

60 1472 64 1481 ·
149 1439 274 1517 tulerit,
303 1417 368 1502 oris
395 1444 480 1504 enim
505 1444 644 1505 nodulos
674 1464 745 1503 cum
774 1440 887 1501 tubulo
910 1440 1084 1501 intermedia

150 1538 314 1616 erunibus?
331 1558 542 1620 Ascaridibu's·
564 1557 751 1619 tribuendos
787 1578 877 1631 esse,
920 1574 1009 1618 certe
1033 1574 1085 1616 nou
1121 1580 1124 1611 t

73 1734 75 1739 ,
149 1672 330 1753 ignoravit,
348 1678 384 1746 et
405 1677 430 1741 si
449 1673 617 1733 Ascurides
631 1678 673 1733 'in
693 1694 775 1754 aqua
796 1672 942 1754 (frigida,
970 1675 1084 1733 Decem·
1111 1692 1124 1717 -·

68 1821 71 1829 -
149 1782 202 1844 bri
221 1790 349 1868 mense)
368 1791 478 1850 vivere
498 1788 683 1863 crediderit,
706 1776 906 1866 peculiarem
927 1785 1017 1865 hujus
1033 1806 1082 1846 esse
1111 1820 1114 1825 ·

151 1900 304 1961 vermem
324 1922 427 1995 aeque
458 1901 554 1972 fusile
585 1890 723 1963 statuere
753 1906 920 1983 potuisset.
969 1903 1003 1961 st
1024 1918 1081 1962 veru

150 2032 250 2075 unam
279 2014 451 2077 alteramve
476 2016 573 2078 fuisse
586 2036 590 2049 ¹
605 2020 752 2096 corporis
781 2015 929 2089 ¹animalis
957 1996 1080 2097 specium,

151 2129 294 2210 probare
321 2130 489 2208 voluisset,
524 2147 592 2191 tum
620 2152 745 2193 vermes
773 2153 849 2191 suos
877 2146 1022 2192 accurate
1043 2128 1081 2189 tlt·

114 2312 117 2319 ,
150 2247 287 2324 'scriptos
308 2254 341 2305 'et
363 2246 540 2307 delineatos
562 2249 672 2307 sistere
695 2246 874 2323 debuisset,
902 2262 940 2307 ut
961 2242 1080 2306 omuibus

152 2378 269 2419 eorum
290 2361 435 2440 partibus
457 2378 522 2421 tam
544 2365 681 2421 externis
703 2382 798 2441 quam
812 2365 947 2421 internis
966 2366 1023 2421 rite
1035 2356 1080 2419 col

152 2471 223 2532 latis
244 2474 394 2552 judicium
416 2477 456 2536 de
474 2446 587 2536 iisdem
603 2475 681 2550 [erui
695 2481 869 2556 potuissem
889 2497 976 2536 nunc
991 2492 1080 2548 autem,

156 2586 193 2646 cl.
215 2593 336 2664 virum,
369 2595 424 2671 qui
445 2589 572 2649 subtilia
595 2607 626 2649 et
646 2591 787 2651 inaudita
808 2597 939 2671 quaevis
961 2607 1079 2662 sectetur,

154 2702 306 2761 nebulam
331 2725 393 2781 pro
422 2706 548 2763 Junone
578 2705 758 2785 amplexum
788 2728 875 2781 esse,
910 2728 978 2767 non
996 2725 1080 2787 postu·

154 2836 241 2888 mus,
272 2819 348 2895 quin
377 2820 583 2895 suspicemur.
635 2821 809 2896 Conferas,
839 2844 923 2904 quae
946 2824 987 2883 de
1011 2824 1080 2882 Lin-

153 2934 248 2990 naei
268 2931 418 3000 Ascurida
440 2933 639 3002 vermiculari
659 2935 857 2996 Muillerus
885 2959 981 3018 supra
1001 2936 1081 2996 obser·

84 3104 87 3109 .
153 3049 283 3106 vaverit.

113 3211 135 3217 ..
214 3133 317 3220 Idem⁸
333 3162 374 3221 de
403 3166 582 3231 Distomate
611 3163 757 3244 hepatico
789 3167 983 3244 dicendum,
1017 3162 1083 3248 quod

154 3275 495 3352 Leeuvvenhoek,
518 3278 869 3361 Schaelferaliique
883 3287 916 3340 in
931 3287 1084 3363 aquispro·

155 3394 266 3450 venire
288 3393 502 3463 contendunt3
525 3393 581 3453 cel.
605 3399 688 3454 enim
710 3396 748 3454 Ο.
771 3395 829 3454 Fr.
851 3397 1009 3457 Mitller
1027 3395 1053 3474 (l.
1070 3412 1087 3449 c-
1120 3374 1124 3459 i

159 3524 199 3582 p.
216 3507 278 3582 5.),
302 3505 566 3568 animalculorum
588 3509 772 3590 aquatilium
794 3528 956 3572 scrutator
972 3508 1089 3570 indeles-

151 3622 228 3693 sus,
264 3619 422 3681 Planarias
456 3624 587 3703 quidem
618 3626 736 3703 detexit
762 3625 935 3705 plurimas,
971 3644 1092 3688 vermem

158 3748 265 3794 autem
294 3733 366 3794 huic
393 3737 527 3798 similem
554 3759 716 3820 nunquam
745 3740 832 3799 vidit.
883 3744 954 3803 Nec
976 3747 1035 3823 ipsi
1052 3760 1097 3799 un-
