2446 4644
991 331 994 337 ,
1034 257 1092 333 149

168 409 224 488 gia
245 408 395 482 animata,
415 427 455 486 pr
458 427 591 468 aemtssa
610 411 800 469 tractatione
820 407 1090 491 degeneratione

169 525 357 602 aequivoca.
401 522 544 606 Gottiug.
569 530 653 602 1775.
682 543 713 604 p.
735 524 784 602 64.
805 529 835 602 4.
855 525 875 562 '‘
912 525 1005 587 Bona
1026 523 1089 585 dit-

171 640 314 696 sertatio.
356 637 480 698 Auctor
500 647 593 698 ca'ute
612 637 742 711 incedit,
765 635 863 698 dubia
883 653 994 699 tamen
1009 636 1089 699 alio·
1147 627 1150 631 ⁵

120 778 127 801 ι
167 773 245 811 rum
273 749 385 813 centra
408 755 658 839 ,generationem
685 755 895 845 aequivocam
921 756 1089 834 proposita
1180 748 1184 757 “

164 864 263 926 facile
291 865 397 927 refelli
418 888 517 947 posse
538 868 686 927 ostendit
717 869 933 961 Vatinium
924 870 1087 929 mtestina-

170 980 252 1042 lium
276 996 382 1041 ortum
404 996 497 1043 sueto
517 1002 611 1044 more
633 981 783 1062 explicari
801 982 870 1045 'non
888 1003 993 1063 posse.
1033 983 1088 1043 De

164 1068 440 1156 exanthematibus
461 1100 505 1156 sie
533 1097 624 1158 dictis
644 1101 731 1157 vivis.
1096 1076 1099 1081 ¹

119 1218 191 1290 534
212 1211 239 1270 J.
260 1210 294 1270 F.
316 1211 473 1293 Sigism.
495 1176 821 1291 PosewitzEpist
842 1211 1084 1295 gretLttmbri·

163 1348 240 1388 curn
268 1341 423 1402 teretem,
455 1328 629 1400 Taenietn,
659 1328 847 1401 Ascarides,
867 1342 900 1391 et
919 1325 1084 1388 Trichuri·

166 1440 227 1501 des
252 1460 322 1501 non
343 1461 413 1501 esse
435 1461 559 1503 vermes
586 1444 718 1521 corpori
739 1443 944 1501 animantium
964 1452 1084 1505 conna-
1162 1446 1166 1457 '

166 1570 287 1630 tos,s
274 1555 367 1616 s'ed
359 1575 393 1615 ιιι
412 1528 447 1615 iti
475 1558 581 1635 potins
608 1550 736 1631 inferri,
769 1556 944 1617 ostendere
966 1556 1084 1616 studet:

159 1670 280 1730 Viteb.
292 1678 377 1749 1788·
410 1691 454 1729 12.
481 1690 512 1749 p
533 1678 564 1746 4.
603 1673 802 1754 Argumenta
827 1685 906 1731 nota
932 1674 992 1730 ista
1017 1684 1080 1750 pro
1146 1656 1152 1675 ⁸

159 1788 328 1844 sententia.
368 1787 568 1869 Deering.
1146 1768 1150 1777 ⁵

115 1898 191 1961 555.
210 1899 292 1958 Diss.
322 1899 363 1960 de
391 1904 546 1986 vermium
573 1888 800 1962 it'tte'stinalium
819 1903 923 1979 prima
943 1902 1078 1987 origine,

158 1996 270 2094 deque
295 2019 390 2075 unice
416 2035 493 2077 vera
522 1990 558 2074 ao
579 1998 648 2075 s'ola
674 2014 824 2075 rationali
853 2035 909 2077 eos
927 2019 1082 2105 ,experni-

155 2127 262 2188 nandi
281 2127 446 2190 methodo.
484 2131 574 2189 Auct.
602 2130 659 2188 Jo.
680 2129 813 2189 Adam.
842 2131 987 2193 Bra-un.
1007 2132 1080 2191 Jen.

159 2250 249 2318 1804.
270 2245 325 2320 (ut
347 2264 383 2304 or
404 2244 564 2304 Starkii
584 2254 825 2325 programmate
846 2246 952 2326 (615.)
971 2260 1079 2326 patet;
1103 2324 1105 2329 ,
1178 2239 1184 2257 ⁴
1218 2250 1222 2258 '

154 2362 194 2417 in
217 2357 448 2418 dissertationis
470 2361 556 2418 enim
577 2357 686 2417 fronte
708 2376 808 2417 annus
833 2344 923 2427 1806.
938 2356 1077 2440 legitur)

146 2474 207 2536 55.
230 2478 261 2551 p'.
284 2479 312 2540 8.
342 2475 525 2551 Disputatio
556 2475 697 2556 egregia.
743 2450 947 2555 Hypotheses
967 2471 1079 2557 vulga·

112 2592 116 2605 “
155 2608 210 2647 res
232 2589 389 2649 vermium
406 2591 538 2675 genesin
554 2609 623 2648 non
640 2569 809 2667 explicare,
830 2589 1078 2676 generationem

112 2764 115 2772 .
154 2707 269 2782 itaque
297 2705 507 2782 aequivocam
528 2703 684 2779 admittit,
717 2722 908 2782 vermesque
930 2722 968 2762 ex
988 2677 1078 2762 dississ

140 2814 331 2889 ‘milationis
360 2838 515 2921 processu
543 2821 578 2878 in
598 2838 739 2897 corpore
761 2816 889 2878 animali
910 2814 1096 2887 debilitato¹

157 2928 330 3019 obtinente
358 2935 438 2992 oriri
467 2935 584 2992 statuit.
638 2933 786 2993 Ascaridi
811 2930 1022 2992 lumbricoidi
1046 2945 1078 2991 et

154 3040 303 3105 Taeniae
325 3047 422 3106 coion
442 3067 504 3127 pro
527 3044 708 3107 habitaculo
728 3044 902 3128 perperam
920 3047 1075 3128 designat.

153 3162 236 3222 Pars
259 3153 474 3240 therapeutica
497 3161 595 3222 laude
616 3162 722 3244 digna.

232 3354 279 3441 st·
309 3355 366 3414 De
380 3357 536 3438 partibus
555 3357 721 3416 vermium
739 3352 957 3434 genitalibus.

112 3504 186 3571 556.
210 3501 272 3564 01.
299 3504 479 3566 Borrich
509 3527 550 3567 an
577 3510 662 3568 visus
683 3509 723 3566 sit
741 3500 884 3586 unquam
903 3469 1096 3565 iurnbricus

149 3617 319 3680 lumbrioo
340 3617 469 3679 foetus?
504 3622 542 3686 ln
562 3619 807 3682 Bartholini
826 3621 895 3684 Act.
915 3621 1017 3682 Havn.
1036 3621 1078 3680 T.

147 3735 209 3798 ΙΙΙ.
235 3748 268 3793 et
287 3734 341 3794 lV.
369 3755 401 3815 p.
426 3742 491 3816 157.
513 3738 535 3776 *
561 3757 630 3796 non
658 3734 806 3839 prolem,
841 3734 900 3796 sed
927 3726 1077 3803 intestina
