2446 4644
106 378 226 448 sitnia,⁴
241 374 363 435 verm'es
383 378 416 435 in
443 373 584 455 piscibus
611 373 709 433 coctis
728 391 856 455 semper
875 391 1022 439 mortuos
1093 448 1095 455 Ι

106 510 125 549 e
151 489 309 570 probant,
344 496 479 571 ipseque
514 489 804 569 Tricuspidariam,
834 484 1022 555 vitaeialias
1054 540 1058 551 .

106 612 130 664 Ls
151 619 296 666 tenacem
304 608 377 681 ,in'
388 582 504 686 percae
525 603 641 686 hepate
663 604 786 687 cystide
804 605 971 682 inclusam,
988 614 1024 673 in

107 720 202 780 cibus
225 725 321 781 coctis
342 725 525 801 saepissime
546 722 721 781 examinavi
742 701 920 803 et'remper
939 745 1025 785 mor·

113 837 244 941 mvidi.
298 838 366 896 Nec
396 834 508 907 ovula,
536 835 563 897 si
591 835 632 895 ad
653 835 734 895 haec
752 835 900 919 refugam
918 806 1050 927 velles}¹
1105 820 1108 829 .

105 957 174 1011 oris
203 953 343 1036 gradum
377 951 435 1011 sub
464 955 613 1011 coctione
634 949 795 1034 vulgarem
811 949 899 1010 ferre
918 970 1024 1032 posse,
1059 928 1076 939 ..
1121 932 1127 944 ¹
1153 1003 1160 1016 .

105 1087 129 1126 :i
151 1070 249 1128 ruodo
269 1067 465 1147 probabile,
489 1086 563 1125 curn
584 1070 654 1146 ipsa
672 1061 831 1124 vermibus
853 1056 959 1127 adhuc
979 1082 1039 1129 te-x

105 1190 187 1240 riona
224 1191 297 1242 sint.
359 1184 406 1240 Ex
436 1186 524 1262 pisce
549 1185 658 1262 itaque
684 1176 767 1239 bene
785 1190 881 1241 cocto
901 1182 1036 1246 nullum
1078 1236 1081 1247 .

105 1312 148 1356 ’te
167 1298 363 1377 periculum,
386 1301 413 1355 si
432 1300 527 1376 piscis
545 1311 651 1355 autern
669 1297 868 1369 sennonem,
889 1299 1026 1379 quodin

105 1418 177 1471 ecia
200 1411 277 1469 olim
298 1418 423 1492 saepius
437 1415 585 1474 accidisse
599 1413 725 1493 dicitur,
737 1411 937 1501 ⁴comeditur,
958 1434 1027 1475 ver·

105 1549 131 1586 =s
160 1529 320 1605 ejusdem,
354 1527 403 1586 vel
440 1526 534 1587 mula
560 1530 751 1601 vermium„
773 1546 889 1609 corpus
915 1526 1027 1590 huma·

112 1664 145 1700 m
165 1647 284 1701 intrare
313 1647 397 1701 etin
420 1643 538 1701 eodem
564 1643 673 1724 aliquo
694 1656 840 1722 tempore
861 1661 1028 1721 superesse

108 1779 179 1830 sse,
212 1777 277 1819 non
308 1762 498 1839 negaverim.
553 1758 732 1819 Montini
759 1757 868 1818 saltem
899 1772 1028 1816 casusu

104 1892 145 1933 ro
167 1893 234 1931 non
258 1872 377 1931 alienus
399 1878 542 1941 videtum
569 1872 784 1930 Martinum
805 1884 916 1939 autem
933 1873 1027 1933 nimis

104 1990 254 2059 sedulum,
290 1988 397 2046 forsan
418 1984 755 2072 hypochondriacum,
788 2004 901 2045 vanam
922 1983 1029 2046 morbi

104 2108 223 2171 eciem,
257 2117 312 2161 aut
333 2104 497 2162 Ascarides
531 2099 752 2161 vermiculares
783 2119 857 2160 cum
885 2101 1029 2181 eperlani

104 2218 246 2285 rmiculia
259 2220 408 2278 confusas
421 2186 622 2286 ..debellasse
643 2215 845 2299 crediderim⁴
885 2217 937 2274 De
956 2235 1032 2298 gor·
1074 2250 1077 2255 ·

104 2333 329 2415 oargissaceo',
353 2353 452 2413 quem
473 2343 656 2412 nuncupat,
688 2348 793 2389 sermo
815 2349 883 2389 ease
902 2334 1027 2411 nequit,
1100 2378 1106 2387 ,
1140 2390 1146 2401 ,
1184 2314 1189 2327 ’

104 2450 122 2508 ti
142 2452 236 2528 piscis
258 2451 379 2508 Ascaris
391 2492 401 2521 ,
431 2450 585 2507 Fiiariave
604 2446 718 2518 fuerit,
741 2444 836 2504 talem
856 2448 889 2502 in
911 2452 1027 2524 corpo·
1115 2504 1123 2511 ,

120 2563 262 2623 humano
284 2565 486 2643 multiplicari
507 2556 666 2642 potuisse,
687 2559 783 2619 fidem
805 2573 944 2639 superat,

146 2679 369 2758 Experimento
391 2682 528 2752 directa,
557 2677 673 2760 quibus
694 2677 850 2736 Auctores
870 2686 957 2735 'num
985 2672 1029 2735 sl·

103 2798 165 2853 rius
190 2799 331 2854 animatis
354 2815 473 2854 vermes
501 2797 533 2855 in
562 2793 695 2852 alterurn
717 2795 923 2872 transportari
946 2804 977 2850 et
996 2794 1030 2849 iu
1104 2778 1107 2783 ³

108 2912 183 2971 dem
206 2915 266 2967 vivi
288 2913 464 2968 conservari
484 2914 624 2989 possint,
653 2912 802 2968 certiores
832 2906 901 2965 iieri
923 2909 1029 2964 conati

103 3039 156 3097 nt,
178 3039 306 3104 praeter
325 3014 461 3084 unicum*
476 3024 515 3084 ab
538 3010 813 3107 Abilgffardio
835 3025 1028 3092 institutum,

104 3158 215 3218 ccessu
247 3155 431 3211 caruerunt,
463 3153 500 3197 ut
529 3143 680 3222 negativis
703 3141 825 3196 omissis
849 3155 941 3195 suum
962 3148 1030 3193 tan·

103 3277 132 3313 m
155 3253 303 3313 referam.
342 3254 403 3312 Iste
423 3255 573 3311 nimirum
601 3253 659 3312 cel.
686 3254 735 3309 vir
761 3248 853 3335 (Bibl.
874 3246 1030 3311 nostr'n·
1073 3307 1076 3315 .
1103 3308 1109 3328 ‚

272 3392 1030 3409 mmm

103 3495 125 3526 n
147 3489 174 3525 et
189 3471 392 3546 quinquaginta
409 3469 508 3543 gradus
529 3470 672 3533 cat-efacta,
691 3489 797 3525 vermes
817 3468 921 3521 mortui
941 3470 1028 3539 erint.

103 3561 194 3613 scibus
216 3560 311 3632 itaque
329 3558 463 3628 {rigidam
483 3576 514 3611 ut
533 3558 700 3632 plerumque
718 3560 767 3622 iit,
795 3557 925 3610 immissis
945 3574 972 3611 et
991 3556 1033 3609 aio

102 3649 171 3709 ctis,
191 3666 296 3699 vermes
325 3647 489 3720 neutiquam
521 3646 604 3698 vitam
641 3645 867 3711 conservabunt,
898 3663 1031 3719 maguum
1098 3672 1102 3682 ·

103 3736 143 3788 im
164 3734 285 3789 calorem
305 3732 412 3789 diutius
431 3753 492 3786 non
510 3730 612 3791 ferunt.

1198 2184 1219 2225 »ἴὶ
