2476 4642
136 232 198 294 310
254 224 257 231 '

19 434 22 443 .
139 381 241 461 cauda
261 378 362 467 magis
384 378 534 464 elongata
555 393 610 440 est.
636 379 738 461 ¹Non
757 364 867 458 potest
886 361 996 460 itaque
1012 374 1074 453 fieri,

9 506 21 557 ξ
51 554 54 560 ,
138 498 217 578 quin
236 515 366 581 magnas
388 492 524 555 subeant
543 495 754 569 mutationes,
784 506 958 573 antequam
976 488 1094 554 siseres*

54 582 56 663 ἶ
138 614 247 671 omnia
274 607 461 694 excolantur
488 624 521 670 et
547 608 653 670 forma
675 604 752 679 dein
772 600 935 668 serveudsl
953 588 1087 673 accedat.

138 725 204 806 Qui
231 727 266 786 in
292 744 355 785 ovo
382 727 581 801 nutriantur,
612 721 705 784 nobis
732 721 864 803 quidem
895 700 1098 819 incognitus¹

138 850 196 915 es't',
219 814 257 898 ex
277 830 398 898 caudae
420 853 528 899 eutem
542 836 795 900 Cucullauorum
811 835 1007 899 tenellorum
1020 832 1076 899 cunr

108 951 234 1033 ,ovulo
264 950 458 1013 cohaesione
488 953 671 1028 observata,
709 940 770 1031 per
802 939 891 1010 illam
924 934 1074 1013 huntoren

43 1072 47 1076 “
129 1052 227 1127 ‘ouili
253 1071 287 1127 in
315 1087 432 1146 corpus
461 1065 645 1154 embryonis
672 1065 752 1127 ferri
767 1064 990 1139 crediderim}
1018 1065 1075 1128 reli·

137 1190 277 1262 qu'o'rum
305 1179 463 1245 cohaesio.
485 1179 552 1243 talis
583 1179 735 1263 equidem
754 1199 824 1238 non
843 1178 965 1260 liquet,
991 1181 1072 1243 cauda
1106 1162 1113 1225 '.

126 1296 245 1355 'tamen
272 1299 369 1357 etiam
397 1311 489 1356 acuta
517 1292 611 1354 simili
638 1293 748 1354 forsan
768 1294 870 1356 modo
893 1300 968 1380 agit.
988 1299 1071 1359 -vm

41 1400 46 1418 ‘
135 1402 227 1469 'certe
254 1415 389 1489 propria
420 1411 462 1471 ad
487 1392 633 1499 *loetum
655 1408 806 1471 ducentia
842 1412 876 1468 in
905 1409 1070 1471 membran

27 1548 33 1559 ·
72 1548 75 1554 ·
136 1508 277 1585 maxime
296 1504 631 1604 pellucida'nuspiam
659 1527 848 1604 conspicue,
879 1543 943 1586 nec
968 1529 1000 1587 in
1016 1544 1069 1587 rer·

135 1641 252 1713 fnium,
273 1637 325 1699 vel
338 1636 436 1725 ¹hujus
457 1637 510 1699 vel
530 1622 730 1719 reliquorum
751 1639 919 1717 ordinum,
942 1645 1069 1722 oviparo·
1111 1694 1113 1701 ,

33 1778 38 1786 ·
87 1789 89 1792 ·
137 1774 209 1813 rum
232 1756 299 1814 ovis
327 1752 647 1815 vasa'observautur.
700 1753 795 1814 Conf.
817 1757 896 1834 Cap.
919 1756 989 1817 XV.
1003 1756 1032 1835 '§.
1050 1772 1067 1814 1.

26 1888 30 1896 ·
135 1866 190 1927 ubi
220 1868 263 1952 de
282 1864 528 1952 Strongylorurn
550 1851 746 1963 armatorum
766 1866 882 1950 prole,
917 1870 1015 1931 caude
1029 1869 1067 1929 >dt-

134 2002 227 2060 yersa
247 1985 410 2061 instructa,
432 1986 545 2069 agitur.
581 1971 599 2035 ·'

195 2098 391 2159 Ovariorum‘
409 2096 462 2158 vel
483 2098 709 2175 ovidrictuum,
728 2080 758 2158 ¹si
778 2101 823 2158 ita
841 2112 962 2160 vocare
980 2101 1066 2172 maris,

37 2268 39 2272 ,
54 2227 57 2233 “
135 2211 238 2274 evults
260 2228 315 2275 aut
329 2210 555 2299 embryonibus
569 2217 647 2275 vivis
663 2212 861 2302 refertorum
875 2231 1000 2303 motum
1010 2233 1067 2276 con·

133 2330 277 2405 tmuum,
307 2332 426 2389 tamin
445 2328 605 2390 vermibus
626 2331 703 2391 vivis
719 2323 885 2408 dissectis,
915 2351 1008 2412 quem
1026 2325 1067 2391 sub

29 2434 40 2453 “
133 2447 350 2523 microscopio
371 2438 530 2519 lusiratis,
552 2447 782 2524 conspicimus,
805 2446 1068 2528 spectaculumque

132 2562 268 2618 maxime
284 2557 428 2639 lepidum
447 2559 587 2621 motibus
609 2564 673 2620 istis
694 2558 959 2622 vermicularibus
981 2577 1010 2622 et
1028 2578 1071 2620 un·

133 2673 230 2748 dosis,
241 2663 439 2751 'praeprimis
460 2678 493 2734 in
515 2674 705 2750 Cucullan0,
726 2676 782 2736 sed
798 2678 831 2734 in
846 2674 978 2758 reliquis
995 2681 1070 2739 etiam

133 2785 359 2861 observandis,
383 2784 563 2876 exhibetur„
605 2791 714 2851 Motus
736 2810 815 2850 vero
838 2790 941 2877 dictos
961 2769 1071 2874 partum

131 2899 297 2975 facilitere,
319 2905 397 2982 quin
419 2919 450 2963 et
470 2903 574 2964 solum
596 2903 762 2971 absolvere
775 2927 882 2985 posse,
906 2907 1019 2967 exinde
1032 2923 1073 2986 pa·

131 3031 196 3090 tet,
228 3017 317 3096 quod
338 3023 451 3078 vermis
473 3022 569 3098 ipsius
591 3035 697 3080 motus
719 3019 776 3080 sub
797 3037 894 3102 partu
916 3019 1002 3082 haud
1020 3024 1075 3081 u'o·

128 3130 209 3191 lenti
231 3137 481 3212 conspiciantur,
503 3136 559 3195 sed
580 3133 675 3194 ovula
695 3155 805 3194 verme
826 3139 939 3217 quieto
962 3158 1021 3216 per
1039 3140 1076 3195 in·

107 3245 264 3307 tervalla
295 3268 333 3306 ex
359 3246 454 3308 volva
483 3248 661 3329 pullulent,
691 3252 769 3330 quin
789 3252 909 3310 eodem
931 3253 1077 3333 disrupte,

130 3362 222 3442 quod
242 3381 338 3442 saepe
360 3363 482 3438 accidit,
506 3361 600 3424 ovula
621 3361 673 3423 vel
694 3363 888 3448 embryones
912 3388 951 3427 ex
974 3370 1078 3428 ovariis

127 3475 286 3556 prolapsis
313 3481 499 3559 pariterque
528 3482 628 3558 ruptis
657 3458 689 3537 vi
717 3480 856 3561 quadam
886 3497 921 3540 et
941 3484 1081 3545 undatim

125 3592 369 3669 protrudentur.
422 3592 494 3651 Hoc
522 3598 556 3652 ni
583 3593 675 3656 fieret
683 3638 695 3670 ,
725 3614 763 3653 ex
785 3575 924 3655 adris'in
944 3617 1081 3658 vermem

127 3703 305 3783 disruptum
334 3711 501 3785 pressione
528 3709 677 3787 protrudi
705 3709 873 3785 crederes,
906 3732 981 3771 cum
1010 3731 1082 3773 vero
