2446 4644
959 197 1022 262 233
1047 222 1051 233 .

101 341 267 404 maioribus
288 339 453 421 speciebus
475 341 558 419 dari,
578 340 639 402 illis
660 346 859 425 ruinores'·et
877 344 1020 426 plerum.

101 479 127 530 ιβ
146 462 260 519 minus·
284 461 381 518 curvi.
423 456 461 517 In
485 457 745 519 sternutodibus
765 439 869 522 rarius¹
890 464 1020 543 adsunt,

101 595 201 673 mquek
211 573 263 637 vel
284 586 381 653 caput
400 570 506 632 solum
526 572 577 634 vel
600 589 632 634 et
653 594 776 655 corpus·
792 575 886 661 simul
907 578 1019 660 (quod
1082 576 1090 591 ’

101 709 165 750 men
185 686 274 752 haud
292 688 482 771 frequenter
505 688 631 770 accidit)
654 688 783 766 aculeis,
807 692 1021 777 utplurimum
1081 744 1084 748 .

101 804 273 881 ctiusculis,
306 808 481 865 munitum:
502 800 558 862 'sic
585 825 613 864 v.
644 825 669 863 c.
693 821 792 884 caput
816 786 1047 868 Discomacis'

101 921 333 1005 igonoceplrali
362 918 483 981 aculeo·
505 921 659 1000 utrinque
689 936 779 1007 recte
810 921 947 1002 duplici3
969 898 1021 985 ΙΠ.

101 1039 192 1095 ”mati
222 1012 346 1098 borona
378 1033 565 1095 aculeorum
598 1050 763 1095 rectorum
773 1057 787 1123 ;Ι
817 1038 861 1097 D.
885 1040 1022 1119 ferocis

101 1148 248 1212 uleorum
273 1151 617 1220 rellexorumoeorona
637 1153 844 1223 instructum
873 1153 917 1211 D.
940 1152 1040 1211 dem·-

101 1268 200 1327 calari
228 1282 324 1347 caput
353 1256 485 1327 aculeis
499 1267 595 1324 rectis
616 1262 790 1344 majoribus
796 1278 808 1339 3
842 1246 1022 1337 minoribus

101 1380 179 1442 »llum
199 1386 378 1452 munitum
413 1381 457 1439 D.
478 1380 646 1463 epistulari
673 1399 748 1459 pars
771 1384 874 1441 antica
903 1380 1022 1444 aculeis

101 1472 203 1569 eflexis;
235 1500 278 1558 D.
300 1497 424 1561 Limne
450 1494 922 1586 (vespertilionis'Auctorum)
951 1492 1045 1575 fere(
1135 1562 1140 1579 ,

101 1623 166 1673 *tum
197 1631 315 1691 corpus
351 1609 468 1671 aculeis
498 1614 636 1670 minimis
669 1630 835 1689 asperum
868 1611 1022 1692 Polysto.

102 1727 168 1785 :atis
186 1726 326 1807 denique
349 1706 536 1787 deuticulati
556 1727 701 1785 mihimet
717 1722 795 1784 dicu·
812 1746 930 1808 corpus
948 1749 1022 1790 acu·
1094 1736 1110 1763 ’·
1154 1754 1158 1761 ·

102 1856 188 1915 urum
214 1844 424 1901 minimorum
450 1839 592 1901 seriebus
622 1837 885 1901 transversalibus
915 1859 1021 1911 tanto·

102 1970 145 2013 ere
169 1954 370 2038 regularibus
398 1971 567 2030 ornatum,
600 1969 637 2014 ut
663 1953 944 2037 Abilgaardio
966 1962 1022 2038 qui

102 2087 178 2149 >rpus
212 2071 413 2132 articulatum
445 2056 580 2170 haberet
605 2089 821 2151 vermemque
842 2069 902 2130 sub
939 2072 1022 2131 Tae-

102 2183 147 2244 iae
179 2204 351 2269 capraeae
386 2187 521 2246 nomine
565 2183 781 2259 describeret,
822 2188 1020 2264 imposuerit

102 2299 319 2399 estaideorum
346 2299 561 2381 plurimorum
592 2315 688 2379 caput
709 2298 825 2387 iisdem
856 2315 1021 2362 armatum.

102 2391 341 2498 'tibrispidarr'de
366 2415 487 2475 labium
514 2428 688 2493 utrumque
717 2412 849 2493 actileis,
862 2412 944 2475 binis
965 2418 1022 2474 tri·

105 2527 262 2592 ochidibus
284 2530 469 2612 (tridentem
489 2526 717 2620 referenribus)
739 2531 916 2605 munitum,
941 2548 1022 2611 quo·

102 2662 138 2703 tm
170 2651 275 2726 apices
306 2645 500 2726 plerumque
532 2658 726 2718 retrorsum,
769 2643 829 2704 sed
857 2644 1022 2723 interdum

102 2748 159 2822 iam
173 2766 236 2823 oris
256 2761 316 2822 sub
333 2759 473 2822 motibus
484 2780 611 2820 sursum
630 2774 662 2819 et
674 2775 855 2850 autrorsum
865 2744 1042 2841 spectanti'
1085 2790 1090 2797 ·

102 2877 404 2959 ,Bothrr'oeeplralo
434 2873 551 2960 (Rhyti
569 2876 746 2949 Zederi,
780 2895 846 2954 quo
867 2872 955 2935 hunc
975 2891 1023 2938 ta·
1071 2886 1074 2891 '
1116 2882 1125 2891 ’

103 2999 298 3055 eu'vermarn
318 3012 388 3052 non
408 2991 538 3075 retulit)
565 2993 667 3049 rarius
691 2989 824 3059 adsunt;
846 2992 1022 3069 'reperiun-

103 3121 241 3168 stamen
261 3113 298 3169 in
316 3112 352 3169 B.
375 3108 545 3166 corollaro
568 3107 705 3185 (Taenia
727 3102 884 3163 corollara
903 3101 1023 3163 Abil·
1069 3110 1074 3119 “

103 3216 248 3304 sardii)
270 3221 322 3282 ila
343 3244 362 3283 a
381 3221 485 3282 foveis
507 3235 649 3303 quatuor
670 3220 817 3279 suctoriis
833 3216 1023 3297 dependen-

103 3353 119 3419 ιΙ
135 3320 286 3414 totidem,
324 3352 512 3420 tetragona,
548 3354 690 3414 quorum
715 3331 875 3413 margines
904 3328 1022 3393 aculeis

103 3447 186 3514 flexis
201 3454 393 3533 exasperati:
414 3451 613 3529 similemque
629 3461 822 3511 structuram
836 3448 870 3503 in
888 3444 1022 3503 Taenia
1089 3478 1099 3495 a

107 3569 174 3655 ticli
202 3569 244 3633 Ο.
272 3567 459 3627 Fabricii
480 3567 533 3647 (B.
549 3563 717 3646 paleaceo
739 3558 838 3639 mibi)
860 3575 1021 3638 suppono·

103 3683 212 3743 zariae
232 3698 330 3763 caput
350 3681 403 3743 vel
422 3685 547 3742 inerme
566 3678 618 3741 vel
639 3691 814 3741 armatum:
834 3669 898 3733 hoc
917 3669 970 3734 vel
987 3668 1031 3733 in'

1160 340 1165 347 ,
1195 314 1202 343 i
