2476 4642
1062 187 1115 243 Vn

148 341 436 443 quinquaginta
461 360 540 411 uno
562 318 633 409 ¹die
658 338 811 436 apertis,
830 338 872 408 in
891 339 1032 415 unicae
1049 366 1110 419 vo.

144 496 230 566 sica
252 490 426 563 urinaria
449 483 672 582 Polystoma
697 483 858 562 offendi.
909 489 1108 566 Vermium

147 638 419 742 complurium
432 640 510 710 vita
535 656 593 745 est
622 635 878 739 fugacissimo,
914 656 1106 715 structura

146 794 357 865 tenerrima
383 791 542 888 citoque
569 789 757 887 peritura,
795 806 838 861 ut
871 785 1106 885 observandi

147 960 296 1047 tempus
321 943 387 1011 vix
413 936 526 1010 detur
549 932 755 1029 sufficiens,
792 936 1011 1040 eademque
1037 939 1106 1015 ob·

141 1060 309 1163 'servatio
335 1091 489 1185 saepius
508 1085 724 1184 repetenda
747 1089 804 1159 sit.
855 1052 1103 1173 Minutissimi

149 1236 319 1339 denique
337 1234 456 1336 longe
480 1233 647 1335 plurimi,
677 1253 716 1309 et
732 1236 923 1331 majorum
943 1264 1104 1342 quoque

148 1412 295 1488 organa
317 1384 404 1459 fore
428 1388 562 1465 omnia
586 1403 666 1458 tam
690 1384 845 1459 subtilia
868 1392 967 1479 sunt,
994 1409 1038 1462 ut
1061 1393 1104 1487 iu

146 1538 385 1640 paucissimis
411 1537 673 1635 microscopio
701 1514 833 1610 carere
863 1540 1003 1636 possis;
1036 1561 1102 1613 oc·
1199 1534 1204 1550 “

117 1696 121 1716 ’
147 1687 247 1762 culta
272 1684 431 1762 tandem
447 1682 615 1783 plurima
632 1687 674 1757 in
699 1688 745 1793 iis
769 1682 911 1779 latent,'
927 1705 970 1759 ut
990 1686 1101 1763 inhis

98 1892 102 1897 -
145 1835 378 1923 extricandis
403 1832 566 1911 multum
592 1820 777 1935 temporis
802 1812 1008 1911 ter'endum
1037 1841 1097 1936 sit.

126 2010 129 2014 ’
238 1987 299 2062 Ab
327 1983 449 2057 'ultera
472 2008 566 2063 vero
585 2004 695 2084 parte
713 1984 883 2061 studium
901 1983 1003 2058 istud
1023 1974 1108 2089 uec·

147 2136 306 2211 utilitate
339 2158 416 2208 neo
445 2132 685 2230 jucunditate
717 2116 834 2208 caret.
900 2134 1100 2208 Vermium

128 2287 247 2357 ⁵enim
261 2303 313 2359 et
336 2282 523 2367 fabricam
543 2301 582 2355 et
598 2282 755 2357 vivendi
773 2285 963 2355 rationem
990 2272 1100 2355 intla-
1117 2356 1120 2361 ,
1165 2296 1169 2303 “
1212 2320 1215 2326 ·

98 2498 101 2507 .
147 2433 286 2535 gando,
303 2431 579 2535 phaenomena
594 2428 773 2532 ²plurima,
792 2428 1012 2531 pathologis
1032 2429 1099 2503 diu

98 2618 117 2657 ·..
148 2566 323 2679 obscura,
347 2581 531 2659 facillime
548 2580 794 2672 illustrantur,
819 2606 939 2655 vanus
966 2578 1100 2680 epide·
1201 2582 1204 2588 ’

145 2738 307 2833 mierum
330 2730 429 2815 mult
413 2750 620 2833 torumque
651 2696 879 2805 morborum
906 2732 1100 2809 termino

145 2907 273 2957 sorum
295 2900 422 2977 metus
450 2883 660 2970 excutitur,
698 2898 879 2951 anatome
896 2895 1034 2955 autem
1060 2897 1099 2951 et

101 3060 107 3073 ·
145 3028 401 3133 physiologia·
425 3047 649 3131 comparata
683 3031 823 3135 mirum
848 3029 901 3124 *in
935 3027 1098 3131 modum

124 3190 130 3205 ''
146 3198 343 3289 augerrtur,
371 3197 416 3250 ut
439 3182 471 3252 si
494 3177 574 3272 ulla
597 3202 782 3281 unquam,
808 3174 908 3287 haee
932 3199 1026 3249 saue
1039 3173 1098 3245 'hi-

142 3336 282 3413 storiae
301 3326 489 3409 naturalis
504 3320 593 3429 par‘s
613 3329 915 3429 auspicatissima
938 3296 997 3416 sit,
1020 3319 1098 3395 cul-

100 3530 104 3535 ·
141 3501 349 3581 torumque
375 3475 512 3553 labore
538 3474 690 3553 assiduo
712 3473 942 3583 diguissima.

230 3637 325 3733 Ipse
344 3625 628 3726 septemdecim
640 3649 711 3724 per
734 3649 853 3721 onnos
872 3617 1100 3698 helmintho-
