2446 4644
963 208 1189 272 rx·‘

20 430 25 447 ,
47 366 108 472 go,
132 368 248 475 quale
268 367 445 462 exhibeo,
465 391 637 443 summae
655 370 889 445 necessitatis
909 396 1002 452 erat

46 523 135 593 Huc
162 517 326 613 accedit,
353 542 543 593 n0v01um
568 510 750 598 itinerum
774 545 894 619 spem,
923 550 1002 625 quo

50 668 128 741 aliis
159 667 259 741 locis
288 690 407 741 novas
437 671 577 741 iterum
604 668 786 769 detegere
816 676 1005 747 vermium

51 810 206 918 species,
225 816 448 918 librumque
467 841 609 917 augere
627 826 793 917 possem,
812 819 905 891 mihi
923 847 1008 935 nort,

55 958 208 1068 amplius
235 938 414 1041 arridere.
464 962 596 1040 Labor
620 970 691 1041 iste
715 991 836 1059 meus,
864 970 1003 1070 qualis-

58 1143 204 1221 cunque
230 1123 289 1209 sit‚
316 1114 443 1190 fructu
471 1134 575 1199 certe
600 1141 681 1188 non
701 1114 859 1208 carebit,
887 1118 1002 1195 alios-

16 1266 31 1353 ’,
62 1293 127 1372 que
159 1250 394 1370 propediem
429 1263 594 1338 meliora
630 1262 868 1340 exhibituros
905 1293 1000 1366 esse,

44 1503 46 1507 v
62 1396 296 1519 magnopere
311 1388 479 1507 confido.

144 1570 208 1642 De
235 1564 388 1677 ordine,¹
412 1589 530 1665 quem
547 1568 788 1666 potissimum
805 1529 1012 1670 sequerer:
1043 1538 1046 1543 Ι

67 1717 119 1790 diu
145 1716 329 1791 sollicitus
354 1713 430 1807 fui,
478 1720 633 1816 quaevis
671 1719 774 1788 enim
807 1682 892 1793 fere
915 1723 999 1811 uia,

67 1892 166 1967 quam
196 1871 238 1974 in
274 1864 461 1964 ejusmodi
486 1864 601 1971 rebus
626 1866 910 1970 pertractandis
945 1870 1002 1940 in-

63 2016 259 2115 gredimur,
302 2019 419 2116 spinis
458 2014 648 2111 abundat,
691 2017 828 2091 harum
867 2035 1000 2090 tamen

62 2162 225 2268 plurimas
253 2169 423 2266 euitasse3
450 2165 545 2237 mihi
568 2171 667 2241 visus
692 2140 788 2242 sum.

143 2315 337 2394 Volumen
360 2312 487 2387 hocce
511 2317 554 2385 in
578 2335 653 2389 tres
678 2335 807 2415 partes
836 2316 955 2390 divisi.

139 2471 288 2543 Harum
303 2469 429 2567 prima
444 2461 752 2553 Biblz'otlzecarm
774 2462 901 2537 multis
919 2461 997 2538 for.

24 2576 30 2585 '
60 2630 89 2686 te
110 2613 357 2716 superfluam,
395 2609 490 2684 mihi
514 2629 644 2695 autem
668 2617 836 2687 maxime
861 2636 997 2685 neces·
1075 2628 1078 2633 '

23 2760 32 2767 ’
58 2768 181 2836 sariam
205 2767 324 2838 visam
340 2762 446 2840 sistit.
497 2760 735 2859 Scriptorum
754 2761 904 2837 seilicet
919 2759 999 2834 huc

57 2910 271 2993 facientium
291 2909 487 3008 catalogus
512 2913 774 3005 systematicus
792 2928 831 2983 et
842 2906 997 2985 exactus

10 3000 21 3165 ζ’
57 3066 203 3137 omnino
226 3060 493 3155 deeratpnam
511 3078 686 3134 auctores
701 3057 1000 3161 bibliographici

10 3174 14 3205 Ι

10 3212 12 3245 Ι

57 3209 280 3289 universales
298 3206 483 3280 librorum
497 3204 929 3306 helminthologicorum
943 3204 998 3276 in·
1020 3268 1024 3279 .

10 3368 12 3379 '
54 3365 275 3466 scriptiones
307 3380 426 3456 saepe
456 3341 612 3428 manca&
644 3355 846 3430 mutilasve
871 3350 1000 3426 reddi·
1096 3394 1100 3410 ε

10 3584 32 3613 ,ἡ
54 3506 204 3599 demut,
245 3520 449 3582 censuram
479 3527 572 3580 vero
598 3509 789 3582 rarissime
813 3503 875 3581 vel
898 3524 997 3577 nun·
1091 3578 1093 3585 A

10 3656 13 3687 ²
53 3680 160 3758 quam
184 3655 376 3732 fecerunt.
