2476 4642
99 194 216 279 at

82 406 87 415 .
156 352 268 415 rabilia
286 353 321 411 iu
340 347 546 431 paragraphis
564 347 827 409 antecedentibus
843 364 976 416 exstant.
1009 350 1077 417 lali
1108 418 1110 427 4

125 544 129 549 Ι
157 487 250 552 ergo,
274 482 304 527 et
323 447 498 549 Zoopb-ytis
519 460 730 545 quibusdam,
750 464 887 529 fortasse
907 465 995 539 solis,
1011 470 1079 529 nuni·

157 588 204 645 tio
230 582 488 665 quaedamcutis
508 590 572 657 'ope
591 577 774 661 peragenda
795 579 923 640 admitti
941 578 1081 667 tiebat-m

155 701 244 783 lique
268 701 351 758 enim
372 698 454 753 inter
474 692 641 769 animalia,
664 693 803 767 nullum,
828 695 921 777 quod
940 696 994 767 tali
1009 679 1078 759 molt
1106 733 1108 746 ι

153 817 268 878 nutriri
296 820 420 890 posset,
449 808 605 887 reperio,
639 822 677 867 ut
708 808 894 890 digestionis
910 822 1080 899 horganon!¹
1100 802 1108 889 'v

156 940 326 1011 apparatus
358 925 459 983 unico'
482 936 607 997 tantum
634 922 859 1007 locopositus
885 930 944 1001 sit,
974 945 1027 1015 nec
1077 916 1110 1015 '3¹

155 1041 218 1102 cibi
237 1059 296 1119 per
317 1058 353 1097 os
375 1041 506 1097 assumti
528 1056 644 1117 corpus
664 1041 786 1098 nutrire
802 1042 937 1119 possint

153 1217 157 1224 ,
235 1153 357 1213 Verum
388 1138 479 1212 'eninr
509 1170 587 1211 vero
617 1150 782 1233 absorptio
808 1157 870 1216 ista
894 1154 1075 1217 Enteaootu

155 1284 288 1332 cutanea
308 1264 582 1338 minimefortuito
597 1266 756 1340 accidere,
779 1270 837 1328 sed
859 1291 878 1330 a
896 1274 1015 1347 vermis,
1055 1352 1060 1359 Ι

97 1428 100 1433 ·
153 1389 246 1461 vivit,
268 1382 399 1442 arbitrio
411 1423 422 1453 ,
443 1378 669 1461 motibusque,
700 1381 815 1463 quibus
842 1398 944 1465 poros
970 1386 1073 1475 cespati

155 1496 320 1559 insensiles
342 1496 510 1554 humorem
532 1492 677 1555 bibentes
696 1496 747 1555 vel
766 1512 887 1557 reseret
907 1498 957 1559 vel
976 1500 1079 1581 clandtt'

152 1616 333 1675 necessario
362 1609 504 1688 pendere
536 1608 677 1684 dicatur,
710 1613 773 1671 nisi
804 1614 984 1673 eorundem
1008 1616 1071 1673 vim

152 1748 251 1790 coeca
270 1728 459 1786 irruentium
480 1723 568 1784 mole
587 1723 677 1783 nullo
703 1731 779 1785 'non
804 1740 953 1807 tempore
972 1726 1070 1810 opprltl

151 1812 246 1925 poste
267 1858 447 1921 supponas,
464 1898 469 1907 ,
487 1838 578 1919 quod
599 1838 773 1899 absurdum
801 1840 897 1903 foret.
957 1843 1069 1903 Materitt
1098 1884 1110 1919 ·.

152 1971 259 2016 autem
278 1976 337 2035 per
359 1972 458 2033 poros
478 1953 531 2012 vel
557 1973 632 2031 rasa
655 1952 858 2015 absorbentia
895 1952 1067 2029 semaeias,

150 2091 248 2154 quam
268 2066 420 2129 nonnulii
436 2081 629 2135 statuerunt,
653 2088 735 2127 cum.
746 2089 911 2133 venenosa
932 2073 1068 2155 quaesita

149 2200 282 2246 naturae
303 2186 511 2243 animantium
533 2182 653 2254 aliena,
686 2186 759 2243 satis
780 2184 910 2247 subtilia
931 2182 1068 2247 dummslt

149 2304 219 2373 sint,
242 2319 260 2357 a
280 2301 359 2356 vasis
381 2294 623 2356 absorbentibus
645 2298 793 2378 undique
813 2297 1010 2375 hauriantur,
1025 2296 1074 2361 ulf

147 2415 180 2475 lo
202 2419 234 2473 in
258 2412 440 2472 animalium
461 2432 595 2494 genere,
616 2431 677 2471 nec
698 2418 731 2471 in
752 2412 885 2474 bomine
901 2384 1068 2496 quidemst-

148 2532 273 2587 mittere
294 2527 383 2599 licet,
406 2544 470 2604 qua
491 2527 532 2585 de
550 2547 587 2585 re
608 2527 670 2585 alio
691 2527 765 2587 loco
790 2533 849 2610 egi.

227 2641 442 2697 Wernerus
463 2639 571 2711 (Brev.
592 2639 730 2719 Exposit.
752 2663 784 2721 p.
803 2647 873 2723 30.)
898 2646 1067 2706 Taeniaett·

146 2751 317 2811 ticulorum
349 2762 495 2807 naturam
528 2751 671 2812 villosam
709 2770 804 2836 atque
846 2779 990 2839 asperam
1017 2774 1067 2827 este,

146 2881 313 2943 utramque
333 2881 409 2920 vero
430 2868 658 2942 proprietatem
676 2880 764 2929 tactu
783 2873 920 2953 visuque
942 2871 1065 2957 cognosti,

146 2996 278 3060 tamque
305 2990 501 3037 constantem
531 2985 654 3053 asserit,
689 2998 725 3040 ut
749 2998 826 3062 post
848 2986 985 3068 aliquam
1003 2956 1084 3046 etian‘

144 3097 391 3154 macerationem
411 3096 472 3170 ipsi
491 3093 573 3166 villi,
595 3098 651 3175 qui
671 3095 845 3158 inbaltentla
874 3117 906 3161 et
927 3100 1068 3163 exhalatis

143 3229 215 3268 vata
236 3209 397 3283 videntur,
428 3205 533 3265 adbuc
560 3212 681 3286 optime
702 3216 957 3290 conspiciantur:
990 3214 1068 3276 sedit

144 3319 336 3385 animalculis
366 3299 586 3380 recentissimis
618 3337 651 3382 et
680 3327 774 3399 vivis,
810 3327 987 3393 dummodo
1012 3344 1069 3412 aqut
1102 3296 1110 3323 ς

143 3436 269 3508 ablutis,
296 3434 386 3493 tilios
413 3433 490 3492 tales
515 3455 680 3516 nunquam
700 3444 845 3519 reperim
873 3449 901 3504 si
928 3450 1018 3507 nimis
1034 3446 1070 3504 dit

142 3565 246 3610 autem
274 3549 377 3608 eidem
399 3568 501 3627 aquae
520 3533 660 3610 'immissi
685 3552 792 3629 fuere,
820 3566 964 3619 mucoris
991 3560 1072 3641 sperit

142 3663 351 3746 obteguntur,
381 3676 434 3721 aut
461 3666 486 3721 si
513 3669 606 3725 nimis
628 3668 690 3725 cito
720 3671 847 3746 spiritui
866 3676 933 3735 vini
954 3676 1074 3736 commit·
