2476 4642
952 124 1018 199 <379

55 252 172 355 (qdod
191 274 227 329 in
248 270 338 350 equis
358 266 576 349 stagnantibus
603 282 636 331 et
654 246 824 348 paludibus
844 271 1017 346 niduletur,

10 384 14 435 ἶ
58 400 157 466 atque
180 405 243 443 ova
263 405 318 443 sua
338 386 374 441 in
393 380 530 442 hominis
552 398 624 443 cute
642 383 815 463 deponat),
836 383 1019 449 adhucum-

53 496 193 583 bigumu
215 518 302 573 esse,
321 499 598 577 pronuntiaverim
631 502 827 559 insectorum
847 504 935 561 enim
953 500 1018 593 lor7

57 634 119 677 nae
148 622 216 673 t'am
243 611 354 673 habitu
381 628 531 686 externe,
564 610 661 692 que'm
680 628 713 674 et
731 600 855 673 fabricis
881 617 1018 690 interne,

54 726 102 787 ab
133 727 282 787 omnibus
305 730 466 801 catomis,
498 743 530 787 et
549 732 739 806 praesertim
756 750 779 788 -ιι
798 728 941 806 Filariis,
970 745 1020 791 ut·

58 822 140 923 pute
161 840 406 920 simplicissimis,
430 822 611 915 obhorrent
641 840 688 902 cl.
703 842 722 900 J
731 844 885 905 drdens
908 864 1019 906 errore

56 957 157 1019 siarili
177 956 355 1030 inductus,
369 976 552 1015 muscarum
570 954 677 1015 larvas
694 956 775 1017 duas
783 1002 795 1033 ,
828 958 871 1019 ab
889 957 1019 1020 homine

61 1072 219 1151 dejectas,
258 1090 320 1149 pro
349 1056 537 1131 Assar-idum
565 1068 733 1150 speciebus
752 1076 847 1133 novis
864 1075 1019 1149 vendidit,

57 1201 98 1247 ιιι
111 1184 282 1245 ¹Ascurides
300 1187 365 1263 ejus
382 1183 650 1264 Stephanostoma
668 1200 701 1247 et
715 1162 914 1249 Couottoma
928 1188 1018 1267 (Bibl
1034 1236 1036 1243 .

32 1317 160 1363 ,ιιοιιι
181 1318 213 1359 ιι.
239 1306 302 1379 194.
324 1315 356 1358 et
376 1299 466 1375 613.)
489 1298 666 1360 deleantur.
704 1300 774 1383 Qui
795 1300 892 1381 plura
912 1303 1007 1363 dein

58 1436 1021 1467 'mm—m·—

63 1516 113 1583 (in
133 1513 261 1568 editione
280 1515 431 1588 systematis
444 1516 597 1570 Linntssni
616 1506 779 1587 novissima)
792 1518 921 1573 Filsriam
936 1519 1019 1583 dicat,

62 1618 92 1659 et
109 1601 146 1655 ad
165 1618 271 1659 vermes
290 1619 403 1656 nostros
422 1603 531 1660 referat.
577 1605 754 1669 Cuvierus
780 1604 921 1659 Gordium
940 1624 1022 1663 vocat

64 1708 93 1747 et
111 1710 129 1745 s
148 1688 256 1744 Filariis
282 1706 407 1764 separat;
438 1690 669 1744 Lemarckius
697 1676 787 1759 (Hist.
816 1690 865 1746 des
891 1688 1022 1749 animaux

46 1794 126 1855 *stus
144 1776 330 1852 ventbrssp.
350 1781 435 1850 329,)
451 1776 538 1830 need
556 1777 855 1840 Entosoerevocetur
874 1776 1021 1847 {simonen

62 1863 198 1926 Bloch,
229 1864 366 1926 (ioese,¹
397 1864 575 1926 Sebrsnlt,
604 1863 760 1937 ldrdens
792 1882 820 1921 et
843 1866 962 1923 Zedet
991 1869 1022 1921 itt

64 1952 199 2027 operibus
217 1951 476 2024 helmiutbologicis
502 1953 559 2024 eju's
578 1950 753 2006 mentionem
777 1950 886 2007 nullam
904 1953 1020 2019 iaciunt,

64 2056 209 2113 tantorum
240 2054 333 2092 tamen
364 2037 513 2092 nominum
544 2039 737 2093 auctoritatem
768 2044 972 2116 postponere,'
995 2061 1023 2097 et

65 2126 228 2181 Gmelini
248 2126 362 2198 vestigia
382 2144 507 2201 premere
526 2144 620 2198 cogor.
659 2124 758 2180 filaris
777 2128 854 2182 enim
873 2126 1021 2182 medinen-

63 2216 103 2269 sis
122 2214 221 2269 ceteris
238 2214 321 2289 bujns
340 2214 449 2286 generis
466 2213 628 2288 speciebus,
647 2212 681 2267 ab
702 2212 836 2273 omuibus
854 2214 1022 2269 Auctoribus

65 2292 107 2357 sd¹
125 2302 255 2356 Eutozoa
284 2301 392 2364 relatis,
425 2300 582 2363 simillima,
614 2317 642 2355 et
667 2321 731 2355 cum
762 2301 866 2357 Simiae
892 2301 1021 2375 inprimis

64 2409 159 2445 verme
185 2404 335 2462 tantopore
360 2387 504 2449 convenit,
535 2404 567 2443 ut
589 2386 647 2442 fera
671 2409 723 2464 pro
750 2384 853 2443 eodem
877 2389 1020 2447 haberem.

64 2476 230 2532 Pilarisrum
255 2475 344 2529 variae
369 2476 443 2530 inter
467 2491 559 2528 cutem
584 2491 611 2529 et
635 2477 778 2531 musculos
804 2495 889 2557 quam
908 2476 937 2533 in
956 2475 1022 2530 reli·
1053 2526 1056 2531 .

67 2564 133 2640 quis
155 2561 317 2638 partibusf
315 2563 492 2661 sequentius,
524 2578 573 2617 sut
596 2582 704 2640 semper
729 2564 836 2619 ibidem
862 2581 1021 2627 occurrunt,

67 2674 122 2707 uec
139 2651 171 2705 id
189 2649 353 2711 discrimen,
372 2650 398 2703 si
415 2649 471 2704 soli
490 2668 678 2725 competeret,
703 2652 830 2725 notabile
849 2652 970 2717 loret3'
963 2672 1024 2727 ipse

68 2740 163 2795 sonan
183 2737 265 2791 etiam
289 2735 464 2810 inpartibus
489 2736 639 2791 bominis
633 2738 763 2801 murinis,
795 2741 845 2795 sub
865 2742 946 2794 Zona
965 2754 1023 2793 tor·

59 2826 130 2883 sida·
147 2825 233 2879 rarius
252 2838 326 2877 certe
341 2821 440 2897 aliqua
457 2844 520 2877 cum
539 2816 664 2880 sollertia
684 2827 824 2888 dissectis,
844 2826 974 2886 occurrit
994 2826 1025 2877 in

65 2913 156 2971 eeulo
175 2910 273 2966 saltem
292 2928 382 2982 aeque
394 2928 426 2961 ae
436 2911 536 2964 Filarie
550 2914 617 2985 equi
629 2914 772 2968 observata
785 2929 833 2989 est.
862 2915 926 2965 Huc
935 2911 1024 2980 noddo,

64 3017 295 3072 sermemsnepe
314 3016 364 3072 per
382 3015 491 3051 meuses
509 2998 554 3053 vel
573 3017 661 3055 annos
680 3020 710 3055 se
728 3020 790 3053 nou
806 2998 943 3075 prodere,
963 3018 1025 3052 cor·

66 3089 131 3167 pori
150 3088 246 3161 itaque
265 3085 390 3138 humano
409 3103 470 3137 non
487 3082 625 3147 alienum,
656 3084 705 3139 sed
723 3086 866 3161 hospitem
885 3088 944 3156 ejus
964 3104 1024 3138 este
1071 3072 1081 3091 '

67 3174 249 3236 ltmiliarem,
282 3172 331 3246 qui
359 3171 389 3223 iu
414 3171 531 3224 internis
556 3173 615 3244 ejus
641 3170 766 3246 pertibus
792 3172 902 3246 semper
929 3170 1024 3225 forsan
1112 3240 1116 3246 ,

70 3264 186 3339 quietus
209 3261 291 3322 latet,
317 3260 348 3312 in
368 3259 485 3314 externis
504 3275 598 3313 satem
623 3259 676 3329 tub
695 3260 819 3315 motibus
837 3259 937 3311 barum
955 3276 1024 3310 con·

66 3351 171 3415 ¹tinuit,
191 3366 333 3422 asspeque
350 3346 461 3408 nimiis,
482 3344 592 3401 facilius
611 3345 730 3401 laeditur
749 3346 902 3417 etidcirco
922 3344 1026 3403 exitum

66 3437 203 3512 molitur<
227 3434 339 3509 qualem
359 3436 441 3489 etiem
469 3433 586 3509 piscium
606 3433 704 3506 Ligula
722 3434 889 3508 plerumque
907 3431 1026 3485 medita-

68 3544 125 3583 tur.
165 3523 275 3577 Vermis
302 3522 425 3597 denique
444 3539 528 3575 venae
553 3519 722 3575 medinensis
740 3520 841 3576 similis
859 3518 915 3574 illis
932 3521 965 3573 iu
983 3540 1025 3573 re·
1050 3558 1053 3563 -

69 3612 206 3689 sionibus
227 3625 301 3664 extis
320 3628 421 3684 corpus
440 3608 595 3663 bumsnum
613 3626 758 3681 nunquam
770 3606 935 3665 observatus
953 3622 1004 3664 est.
