2446 4644
986 190 1039 255 ¹9¹

103 312 314 381 :eludendam
336 332 405 377 esse
426 316 460 375 in
471 310 692 377 Bibliothecae
711 330 845 377 nostrae
860 304 1042 401 appendice

104 436 198 495 ortui
239 429 401 493 Mollusca
421 453 500 492 vera
521 447 552 491 ct
565 433 722 493 Testacea
740 430 976 517 conjungenda,
998 435 1039 499 ah
1122 420 1135 463 ¹·

104 555 138 611 is
164 564 272 609 autem
305 566 428 630 genera
456 547 617 626 quaedam
646 546 841 643 (Medusae,
875 552 1038 631 Actiniae,

103 661 292 731 olothuriae
308 663 380 740 etc)
402 681 420 720 a
440 660 625 720 Linnaeo
646 665 752 723 minus
773 656 883 722 bene
881 670 1037 747 apposita,

103 766 257 861 paranda
273 792 310 839 et
331 756 545 847 removenda
567 752 740 861 Zoophyta
760 796 838 837 vero
862 797 935 865 cum
948 780 1039 869 hihi
1114 794 1122 805 ’

103 899 168 956 riis
188 898 306 954 iterum
325 891 471 952 unienda
491 902 592 951 erant.
634 893 691 951 Me
706 876 931 954 Linhaeum
951 864 1038 958 hisco

103 1028 228 1090 rpere,
256 1005 309 1068 vel
330 1002 489 1067 tantillum
510 1004 634 1087 gloriae
657 1011 723 1089 ejus
734 1000 918 1069 detrahere
941 1008 1036 1093 velle,
1091 1052 1100 1064 ,

103 1108 152 1185 ii
147 1122 258 1183 libros
281 1119 431 1201 reiiquos
460 1140 479 1181 a
499 1134 620 1180 memet
641 1114 745 1185 editos
765 1119 898 1204 legerit,
926 1122 1047 1192 nullus.

103 1256 263 1299 ersuasum
294 1231 435 1295 habebit.
488 1239 603 1295 Virum
633 1254 794 1296 summum
823 1243 1035 1308 veneratione

103 1357 229 1436 rosaqui
248 1350 366 1434 religio
388 1346 466 1408 mihi
487 1365 551 1424 est,
577 1349 636 1410 sed
657 1349 840 1428 erroribus,
869 1370 952 1433 quos
973 1374 1033 1415 suo

103 1485 165 1531 ›rte
191 1484 340 1548 tempore
366 1469 402 1526 in
429 1484 466 1524 re
492 1479 557 1524 tam
578 1464 697 1543 ardua,
727 1484 826 1547 quam
847 1467 1034 1529 animalium
1137 1502 1141 1509 ·

103 1600 146 1644 an
169 1580 430 1645 vertebratorum
455 1572 716 1667 classificatione‘,
743 1581 864 1642 avitare
884 1598 954 1642 non
972 1603 1034 1665 po·
1077 1612 1080 1617 ·
1123 1610 1133 1625 ι

103 1698 146 1775 dt,
164 1699 285 1758 idcirco
307 1715 377 1756 non
396 1691 644 1755 inhaerendum.

137 1814 344 1876 Recentiores
375 1807 524 1869 animalia
554 1807 676 1871 isthaec
705 1813 814 1872 omnia
836 1806 950 1875 eadem
971 1808 1031 1879 cub
1083 1896 1088 1905 Ι

104 1926 176 1991 iasse
205 1922 344 1987 militare
374 1943 488 2005 posse,
519 1940 698 2007 negarunt,
727 1917 913 2011 eodemque
943 1943 1033 1993 certo

104 2065 155 2125 tre,
173 2064 238 2126 quo
259 2039 440 2102 mammalia
462 2037 501 2100 ab
523 2039 644 2119 avibus,
667 2038 828 2122 amphibia
843 2062 862 2102 a
877 2040 1030 2124 piscibus,

104 2168 217 2221 rasiare
246 2156 285 2217 ab
319 2156 467 2230 insectis,
506 2154 663 2216 mollusca
691 2160 787 2217 etiam
814 2155 856 2217 ¹ab
886 2162 1035 2220 entozois'
1099 2176 1104 2184 ‘

104 2268 299 2355 troophytis
336 2269 436 2331 classe
465 2268 717 2353 distinguuntur.
741 2334 746 2343 ¹
772 2266 893 2332 Omri'es
921 2288 1031 2333 autem

104 2402 194 2451 ermes
215 2385 268 2447 vel
288 2386 477 2447 Linnaeo
501 2387 663 2467 cognitos,
691 2383 744 2446 vel
772 2389 840 2465 ejus
868 2403 943 2467 post
963 2384 1031 2450 fata

104 2518 225 2579 etectos,
245 2474 280 2561 id
294 2498 408 2561 classes
423 2499 623 2582 ordinesque
638 2514 744 2561 certos
761 2500 924 2586 redigere,
947 2522 1029 2585 opus
1049 2516 1055 2527 ’
1110 2564 1113 2569 ,

104 2639 167 2679 tam
180 2619 316 2684 maxime
331 2615 480 2693 arduum,
501 2618 684 2698 nostrisque
697 2615 819 2678 viribus
833 2616 903 2677 fere
916 2622 1035 2699 majus«
1066 2624 1071 2639 ¹
1142 2670 1147 2681 .

130 2729 347 2813 Adolphu's
377 2724 549 2791 Modeer
575 2731 710 2811 (Svensk
736 2734 810 2794 Vet.
837 2726 1038 2820 Ac'ad-Nya·

104 2848 185 2912 andh
209 2830 286 2931 '1792
309 2850 461 2927 et1793.)
487 2862 611 2907 vermes
640 2851 676 2908 in
698 2849 900 2931 Cryptozoa,
930 2850 1031 2933 Gym-

104 2964 219 3042 tdela,
242 2963 460 3034 Acocltlata,
492 2962 684 3022 Cochleaca
712 2978 744 3024 et
764 2964 938 3046 Phytozoa
966 2965 1029 3027 ‹iis-

104 3085 201 3143 tscuit.
250 3081 437 3163 Cryptozoa
458 3081 488 3139 ei
508 3092 583 3139 sunt
601 3046 772 3139 infusoria.
821 3077 1031 3163 Gymnodeln

104 3218 134 3259 m
151 3196 310 3259 I'ntast'ina
335 3216 432 3278 quam
451 3193 613 3255 Mullusca
632 3196 809 3256 Linnaei
830 3193 1029 3276 amplectun-

105 3318 195 3387 r‚'ut
215 3309 429 3373 diversissima
450 3309 513 3371 httc
531 3310 633 3371 modo
656 3313 875 3391 conjunxerit,
902 3328 921 3371 a
940 3308 1028 3372 Mol·

105 3430 162 3488 scis
183 3446 201 3490 a
222 3428 502 3491 contraTestacea
522 3443 555 3519 et
574 3423 656 3491 haec
675 3432 760 3489 inter
780 3445 814 3489 se
836 3441 960 3489 temere
980 3446 1030 3498 se·

105 3548 240 3607 raverit.
327 3614 334 3625 ¹

128 3661 303 3740 Cuvier,
338 3663 387 3725 vir
421 3653 678 3739 summut,=tr'as
709 3660 863 3733 exstruxit
892 3657 1027 3761 destos:
