<?xml version="1.0" encoding="UTF-8"?>
<!DOCTYPE html PUBLIC "-//W3C//DTD XHTML 1.0 Transitional//EN"
    "http://www.w3.org/TR/xhtml1/DTD/xhtml1-transitional.dtd">
<html xmlns="http://www.w3.org/1999/xhtml" xml:lang="en" lang="en">
 <head>
  <title>
</title>
<meta http-equiv="Content-Type" content="text/html;charset=utf-8" />
  <meta name='ocr-system' content='tesseract 3.04.00' />
  <meta name='ocr-capabilities' content='ocr_page ocr_carea ocr_par ocr_line ocrx_word'/>
</head>
<body>
  <div class='ocr_page' id='page_1' title='image "./entozoorumsivev02rudogoog_0533.png"; bbox 0 0 2476 4642; ppageno 0'>
   <div class='ocr_carea' id='block_1_1' title="bbox 1003 242 1064 316">
    <p class='ocr_par' dir='ltr' id='par_1_1' title="bbox 1003 242 1064 316">
     <span class='ocr_line' id='line_1_1' title="bbox 1003 242 1064 316; baseline 0 0"><span class='ocrx_word' id='word_1_1' title='bbox 1003 242 1064 316; x_wconf 76' lang='lat'><strong>5⁰7</strong></span> 
     </span>
    </p>
   </div>
   <div class='ocr_carea' id='block_1_2' title="bbox 159 372 1064 483">
    <p class='ocr_par' dir='ltr' id='par_1_2' title="bbox 159 372 1064 483">
     <span class='ocr_line' id='line_1_2' title="bbox 159 372 1064 483; baseline 0.013 -41"><span class='ocrx_word' id='word_1_2' title='bbox 159 372 453 483; x_wconf 78' lang='lat' dir='ltr'><strong>Quemadmodum</strong></span> <span class='ocrx_word' id='word_1_3' title='bbox 488 390 728 464; x_wconf 76' lang='lat' dir='ltr'><strong>menstrpornm</strong></span> <span class='ocrx_word' id='word_1_4' title='bbox 767 386 846 446; x_wconf 86' lang='lat' dir='ltr'><strong>olim</strong></span> <span class='ocrx_word' id='word_1_5' title='bbox 881 395 1064 469; x_wconf 84' lang='lat' dir='ltr'><strong>rationem,</strong></span> 
     </span>
    </p>
   </div>
   <div class='ocr_carea' id='block_1_3' title="bbox 116 487 1135 3814">
    <p class='ocr_par' dir='ltr' id='par_1_3' title="bbox 116 487 1122 2187">
     <span class='ocr_line' id='line_1_3' title="bbox 116 487 1062 584; baseline 0.014 -28"><span class='ocrx_word' id='word_1_6' title='bbox 116 501 144 557; x_wconf 85' lang='lat' dir='ltr'><strong>ti</strong></span> <span class='ocrx_word' id='word_1_7' title='bbox 163 518 293 557; x_wconf 86' lang='lat' dir='ltr'><strong>nomen</strong></span> <span class='ocrx_word' id='word_1_8' title='bbox 322 497 403 575; x_wconf 84' lang='lat' dir='ltr'><strong>fert,</strong></span> <span class='ocrx_word' id='word_1_9' title='bbox 440 503 484 559; x_wconf 86' lang='lat' dir='ltr'><strong>ita</strong></span> <span class='ocrx_word' id='word_1_10' title='bbox 512 487 704 579; x_wconf 81' lang='lat' dir='ltr'>morborum</span> <span class='ocrx_word' id='word_1_11' title='bbox 726 522 859 584; x_wconf 85' lang='lat' dir='ltr'><strong>qnoque</strong></span> <span class='ocrx_word' id='word_1_12' title='bbox 879 510 1062 584; x_wconf 85' lang='lat' dir='ltr'><strong>variorum,</strong></span> 
     </span>
     <span class='ocr_line' id='line_1_4' title="bbox 116 587 1103 693; baseline 0.004 -19.095"><span class='ocrx_word' id='word_1_13' title='bbox 116 632 168 674; x_wconf 87' lang='lat' dir='ltr'><strong>·.c</strong></span> <span class='ocrx_word' id='word_1_14' title='bbox 193 611 371 688; x_wconf 82' lang='lat' dir='ltr'><strong>febriiium,</strong></span> <span class='ocrx_word' id='word_1_15' title='bbox 392 608 592 693; x_wconf 73' lang='lat' dir='ltr'><strong>potissimum</strong></span> <span class='ocrx_word' id='word_1_16' title='bbox 612 636 690 676; x_wconf 82' lang='lat' dir='ltr'><strong>vero</strong></span> <span class='ocrx_word' id='word_1_17' title='bbox 711 587 970 681; x_wconf 80' lang='lat' dir='ltr'><strong>verminosorum</strong></span> <span class='ocrx_word' id='word_1_18' title='bbox 992 642 1103 683; x_wconf 26' lang='lat' dir='ltr'><strong>oxa-1</strong></span> 
     </span>
     <span class='ocr_line' id='line_1_5' title="bbox 116 728 1063 814; baseline 0.007 -25"><span class='ocrx_word' id='word_1_19' title='bbox 116 728 305 789; x_wconf 83' lang='lat' dir='ltr'><strong>erbationes</strong></span> <span class='ocrx_word' id='word_1_20' title='bbox 327 729 452 788; x_wconf 84' lang='lat' dir='ltr'><strong>Dianae</strong></span> <span class='ocrx_word' id='word_1_21' title='bbox 474 729 673 808; x_wconf 81' lang='lat' dir='ltr'><strong>tribuerunt,</strong></span> <span class='ocrx_word' id='word_1_22' title='bbox 702 748 738 794; x_wconf 92' lang='lat' dir='ltr'><strong>ut</strong></span> <span class='ocrx_word' id='word_1_23' title='bbox 766 739 910 814; x_wconf 89' lang='lat' dir='ltr'><strong>corporis</strong></span> <span class='ocrx_word' id='word_1_24' title='bbox 932 734 1063 796; x_wconf 83' lang='lat' dir='ltr'><strong>humani</strong></span> 
     </span>
     <span class='ocr_line' id='line_1_6' title="bbox 116 816 1059 929; baseline 0.006 -24"><span class='ocrx_word' id='word_1_25' title='bbox 116 849 245 925; x_wconf 82' lang='lat' dir='ltr'><strong>ospites</strong></span> <span class='ocrx_word' id='word_1_26' title='bbox 273 816 404 903; x_wconf 76' lang='lat' dir='ltr'><strong>nonnisi</strong></span> <span class='ocrx_word' id='word_1_27' title='bbox 434 846 548 905; x_wconf 85' lang='lat' dir='ltr'><strong>eadem</strong></span> <span class='ocrx_word' id='word_1_28' title='bbox 571 843 778 911; x_wconf 76' lang='lat' dir='ltr'><strong>decrescente·</strong></span> <span class='ocrx_word' id='word_1_29' title='bbox 808 848 930 928; x_wconf 82' lang='lat' dir='ltr'>depelli</span> <span class='ocrx_word' id='word_1_30' title='bbox 949 870 1059 929; x_wconf 86' lang='lat' dir='ltr'><strong>posse,</strong></span> 
     </span>
     <span class='ocr_line' id='line_1_7' title="bbox 118 943 1091 1045; baseline -0.001 -25"><span class='ocrx_word' id='word_1_31' title='bbox 118 973 276 1041; x_wconf 81' lang='lat' dir='ltr'><strong>erperam</strong></span> <span class='ocrx_word' id='word_1_32' title='bbox 297 958 467 1020; x_wconf 78' lang='lat' dir='ltr'><strong>sanxerint.</strong></span> <span class='ocrx_word' id='word_1_33' title='bbox 519 943 736 1045; x_wconf 34' lang='lat' dir='ltr'><strong>A&#39;egrotorum</strong></span> <span class='ocrx_word' id='word_1_34' title='bbox 758 964 891 1044; x_wconf 88' lang='lat' dir='ltr'><strong>quidem</strong></span> <span class='ocrx_word' id='word_1_35' title='bbox 911 968 1062 1043; x_wconf 77' lang='lat' dir='ltr'><strong>supersti—</strong></span> <span class='ocrx_word' id='word_1_36' title='bbox 1087 1008 1091 1019; x_wconf 88' lang='grc'><em>,</em></span> 
     </span>
     <span class='ocr_line' id='line_1_8' title="bbox 116 1065 1066 1154; baseline 0.004 -20"><span class='ocrx_word' id='word_1_37' title='bbox 116 1081 184 1135; x_wconf 70' lang='lat' dir='ltr'><strong>,oni</strong></span> <span class='ocrx_word' id='word_1_38' title='bbox 204 1089 239 1134; x_wconf 85' lang='lat' dir='ltr'><strong>et</strong></span> <span class='ocrx_word' id='word_1_39' title='bbox 260 1065 485 1149; x_wconf 59' lang='lat' dir='ltr'><strong>confidentiae,</strong></span> <span class='ocrx_word' id='word_1_40' title='bbox 508 1075 654 1137; x_wconf 85' lang='lat' dir='ltr'><strong>absurdis</strong></span> <span class='ocrx_word' id='word_1_41' title='bbox 674 1065 749 1138; x_wconf 83' lang='lat' dir='ltr'><strong>licet</strong></span> <span class='ocrx_word' id='word_1_42' title='bbox 766 1082 900 1154; x_wconf 80' lang='lat' dir='ltr'><strong>innisae,</strong></span> <span class='ocrx_word' id='word_1_43' title='bbox 920 1081 955 1136; x_wconf 86' lang='lat' dir='ltr'><strong>in</strong></span> <span class='ocrx_word' id='word_1_44' title='bbox 974 1076 1066 1138; x_wconf 65' lang='lat' dir='ltr'><strong>mor·&#39;</strong></span> 
     </span>
     <span class='ocr_line' id='line_1_9' title="bbox 116 1189 1062 1279; baseline 0.006 -31"><span class='ocrx_word' id='word_1_45' title='bbox 116 1195 144 1250; x_wconf 77' lang='lat' dir='ltr'><strong>is</strong></span> <span class='ocrx_word' id='word_1_46' title='bbox 170 1190 362 1277; x_wconf 70' lang='lat' dir='ltr'><strong>gravissimis</strong></span> <span class='ocrx_word' id='word_1_47' title='bbox 384 1189 619 1272; x_wconf 85' lang='lat' dir='ltr'><strong>indulgendum</strong></span> <span class='ocrx_word' id='word_1_48' title='bbox 642 1207 708 1268; x_wconf 86' lang='lat' dir='ltr'><strong>est,</strong></span> <span class='ocrx_word' id='word_1_49' title='bbox 736 1212 778 1251; x_wconf 88' lang='lat' dir='ltr'><strong>ne</strong></span> <span class='ocrx_word' id='word_1_50' title='bbox 796 1191 915 1279; x_wconf 79' lang='lat' dir='ltr'><strong>eadem</strong></span> <span class='ocrx_word' id='word_1_51' title='bbox 936 1192 1062 1259; x_wconf 85' lang='lat' dir='ltr'><strong>sublata</strong></span> 
     </span>
     <span class='ocr_line' id='line_1_10' title="bbox 119 1301 1122 1388; baseline 0.007 -24"><span class='ocrx_word' id='word_1_52' title='bbox 119 1325 139 1364; x_wconf 88' lang='lat' dir='ltr'><strong>e</strong></span> <span class='ocrx_word' id='word_1_53' title='bbox 173 1301 277 1362; x_wconf 84' lang='lat' dir='ltr'><strong>salute</strong></span> <span class='ocrx_word' id='word_1_54' title='bbox 309 1303 500 1384; x_wconf 74' lang='lat' dir='ltr'><strong>desperent,</strong></span> <span class='ocrx_word' id='word_1_55' title='bbox 535 1320 697 1388; x_wconf 85' lang='lat' dir='ltr'><strong>opemque</strong></span> <span class='ocrx_word' id='word_1_56' title='bbox 720 1307 888 1369; x_wconf 66' lang='lat' dir='ltr'><strong>xmedicam</strong></span> <span class='ocrx_word' id='word_1_57' title='bbox 908 1324 1063 1388; x_wconf 81' lang='lat' dir='ltr'><strong>respuant</strong></span> <span class='ocrx_word' id='word_1_58' title='bbox 1105 1301 1122 1309; x_wconf 61' lang='grc'><strong>”</strong></span> 
     </span>
     <span class='ocr_line' id='line_1_11' title="bbox 116 1418 1060 1511; baseline 0.004 -32"><span class='ocrx_word' id='word_1_59' title='bbox 116 1419 149 1480; x_wconf 91' lang='lat' dir='ltr'><strong>el</strong></span> <span class='ocrx_word' id='word_1_60' title='bbox 175 1418 328 1511; x_wconf 82' lang='lat' dir='ltr'><strong>eludant;</strong></span> <span class='ocrx_word' id='word_1_61' title='bbox 347 1423 554 1501; x_wconf 87' lang='lat' dir='ltr'><strong>ceteroquin</strong></span> <span class='ocrx_word' id='word_1_62' title='bbox 584 1436 718 1499; x_wconf 86' lang='lat' dir='ltr'><strong>autem,</strong></span> <span class='ocrx_word' id='word_1_63' title='bbox 737 1442 820 1504; x_wconf 86' lang='lat' dir='ltr'><strong>quae</strong></span> <span class='ocrx_word' id='word_1_64' title='bbox 848 1421 1060 1483; x_wconf 84' lang='lat' dir='ltr'><strong>fondamento</strong></span> 
     </span>
     <span class='ocr_line' id='line_1_12' title="bbox 116 1533 1063 1618; baseline 0.004 -26"><span class='ocrx_word' id='word_1_65' title='bbox 116 1538 253 1608; x_wconf 71' lang='lat' dir='ltr'><strong>areant,</strong></span> <span class='ocrx_word' id='word_1_66' title='bbox 283 1536 342 1592; x_wconf 86' lang='lat' dir='ltr'><strong>etsi</strong></span> <span class='ocrx_word' id='word_1_67' title='bbox 362 1533 506 1615; x_wconf 86' lang='lat' dir='ltr'><strong>undique</strong></span> <span class='ocrx_word' id='word_1_68' title='bbox 535 1550 682 1618; x_wconf 84' lang='lat' dir='ltr'><strong>recepta,</strong></span> <span class='ocrx_word' id='word_1_69' title='bbox 708 1541 908 1618; x_wconf 74' lang='lat' dir='ltr'><strong>rejiciamus,</strong></span> <span class='ocrx_word' id='word_1_70' title='bbox 936 1558 979 1596; x_wconf 87' lang='lat' dir='ltr'><strong>ne</strong></span> <span class='ocrx_word' id='word_1_71' title='bbox 999 1541 1063 1618; x_wconf 88' lang='lat' dir='ltr'><strong>ipsi</strong></span> 
     </span>
     <span class='ocr_line' id='line_1_13' title="bbox 116 1632 1062 1741; baseline 0.008 -34"><span class='ocrx_word' id='word_1_72' title='bbox 116 1644 236 1707; x_wconf 73' lang='lat' dir='ltr'><strong>andem</strong></span> <span class='ocrx_word' id='word_1_73' title='bbox 258 1665 386 1709; x_wconf 89' lang='lat' dir='ltr'><strong>errores</strong></span> <span class='ocrx_word' id='word_1_74' title='bbox 408 1664 645 1741; x_wconf 80' lang='lat' dir='ltr'><strong>propagemus,</strong></span> <span class='ocrx_word' id='word_1_75' title='bbox 676 1651 730 1711; x_wconf 90' lang='lat' dir='ltr'><strong>vel</strong></span> <span class='ocrx_word' id='word_1_76' title='bbox 751 1651 940 1712; x_wconf 84' lang='lat' dir='ltr'><strong>eorundem</strong></span> <span class='ocrx_word' id='word_1_77' title='bbox 953 1632 1062 1714; x_wconf 87' lang='lat' dir='ltr'><strong>ancto-</strong></span> 
     </span>
     <span class='ocr_line' id='line_1_14' title="bbox 117 1759 1062 1849; baseline 0.004 -29"><span class='ocrx_word' id='word_1_78' title='bbox 117 1782 153 1823; x_wconf 88' lang='lat' dir='ltr'><strong>es</strong></span> <span class='ocrx_word' id='word_1_79' title='bbox 180 1760 304 1836; x_wconf 78' lang='lat' dir='ltr'><strong>fiamus.</strong></span> <span class='ocrx_word' id='word_1_80' title='bbox 363 1760 460 1836; x_wconf 71' lang='lat' dir='ltr'><strong>Nulla</strong></span> <span class='ocrx_word' id='word_1_81' title='bbox 494 1766 626 1843; x_wconf 72' lang='lat' dir='ltr'><strong>inquem</strong></span> <span class='ocrx_word' id='word_1_82' title='bbox 654 1759 837 1824; x_wconf 80' lang='lat' dir='ltr'><strong>observatio</strong></span> <span class='ocrx_word' id='word_1_83' title='bbox 869 1764 933 1824; x_wconf 87' lang='lat' dir='ltr'><strong>fide</strong></span> <span class='ocrx_word' id='word_1_84' title='bbox 964 1767 1062 1849; x_wconf 81' lang='lat' dir='ltr'><strong>digna</strong></span> 
     </span>
     <span class='ocr_line' id='line_1_15' title="bbox 116 1852 1062 1964; baseline 0.007 -29"><span class='ocrx_word' id='word_1_85' title='bbox 116 1881 199 1936; x_wconf 82' lang='lat' dir='ltr'><strong>onae</strong></span> <span class='ocrx_word' id='word_1_86' title='bbox 227 1878 261 1934; x_wconf 90' lang='lat' dir='ltr'><strong>in</strong></span> <span class='ocrx_word' id='word_1_87' title='bbox 282 1858 418 1937; x_wconf 78' lang='lat' dir='ltr'><strong>tractum</strong></span> <span class='ocrx_word' id='word_1_88' title='bbox 438 1876 653 1940; x_wconf 84' lang='lat' dir='ltr'><strong>intestinalem</strong></span> <span class='ocrx_word' id='word_1_89' title='bbox 680 1852 871 1964; x_wconf 63' lang='lat' dir='ltr'><strong>nermesflue&#39;</strong></span> <span class='ocrx_word' id='word_1_90' title='bbox 889 1879 1062 1960; x_wconf 87' lang='lat' dir='ltr'><strong>imperium</strong></span> 
     </span>
     <span class='ocr_line' id='line_1_16' title="bbox 116 1991 1060 2077; baseline 0.012 -29"><span class='ocrx_word' id='word_1_91' title='bbox 116 1991 272 2067; x_wconf 65' lang='lat' dir='ltr'><strong>trobavit,</strong></span> <span class='ocrx_word' id='word_1_92' title='bbox 313 1996 426 2074; x_wconf 85' lang='lat' dir='ltr'><strong>quovis</strong></span> <span class='ocrx_word' id='word_1_93' title='bbox 455 1999 602 2070; x_wconf 76' lang='lat' dir='ltr'><strong>tempore</strong></span> <span class='ocrx_word' id='word_1_94' title='bbox 636 1991 735 2052; x_wconf 88' lang='lat' dir='ltr'><strong>iid&#39;em</strong></span> <span class='ocrx_word' id='word_1_95' title='bbox 762 1991 882 2072; x_wconf 83' lang='lat' dir='ltr'><strong>depelii</strong></span> <span class='ocrx_word' id='word_1_96' title='bbox 907 2013 1060 2077; x_wconf 88' lang='lat' dir='ltr'><strong>possunt,</strong></span> 
     </span>
     <span class='ocr_line' id='line_1_17' title="bbox 118 2078 826 2187; baseline 0 -21"><span class='ocrx_word' id='word_1_97' title='bbox 118 2106 162 2169; x_wconf 87' lang='lat' dir='ltr'><strong>e&#39;d</strong></span> <span class='ocrx_word' id='word_1_98' title='bbox 182 2078 422 2167; x_wconf 43' lang='lat' dir='ltr'><strong>rariu&#39;s‘iisdem</strong></span> <span class='ocrx_word' id='word_1_99' title='bbox 444 2082 645 2187; x_wconf 86' lang='lat' dir='ltr'><strong>depellendis</strong></span> <span class='ocrx_word' id='word_1_100' title='bbox 667 2126 748 2186; x_wconf 85' lang='lat' dir='ltr'><strong>opus</strong></span> <span class='ocrx_word' id='word_1_101' title='bbox 771 2121 826 2166; x_wconf 88' lang='lat' dir='ltr'><strong>est.</strong></span> 
     </span>
    </p>

    <p class='ocr_par' dir='ltr' id='par_1_4' title="bbox 116 2221 1135 3459">
     <span class='ocr_line' id='line_1_18' title="bbox 160 2221 1060 2315; baseline 0.004 -32"><span class='ocrx_word' id='word_1_102' title='bbox 160 2222 266 2283; x_wconf 86' lang='lat' dir='ltr'><strong>Mala</strong></span> <span class='ocrx_word' id='word_1_103' title='bbox 279 2221 457 2284; x_wconf 78' lang='lat' dir='ltr'><strong>scroiuiosa</strong></span> <span class='ocrx_word' id='word_1_104' title='bbox 487 2239 540 2282; x_wconf 86' lang='lat' dir='ltr'><strong>aut</strong></span> <span class='ocrx_word' id='word_1_105' title='bbox 561 2222 760 2315; x_wconf 82' lang='lat' dir='ltr'><strong>spasmodica</strong></span> <span class='ocrx_word' id='word_1_106' title='bbox 788 2226 971 2304; x_wconf 78' lang='lat' dir='ltr'><strong>saepissime</strong></span> <span class='ocrx_word' id='word_1_107' title='bbox 998 2247 1060 2306; x_wconf 88' lang='lat' dir='ltr'><strong>pro</strong></span> 
     </span>
     <span class='ocr_line' id='line_1_19' title="bbox 116 2332 1135 2415; baseline 0.001 -17"><span class='ocrx_word' id='word_1_108' title='bbox 116 2341 293 2409; x_wconf 70' lang='lat' dir='ltr'><strong>verminosis</strong></span> <span class='ocrx_word' id='word_1_109' title='bbox 314 2336 491 2413; x_wconf 85' lang='lat' dir='ltr'><strong>habentur,</strong></span> <span class='ocrx_word' id='word_1_110' title='bbox 526 2336 579 2396; x_wconf 86' lang='lat' dir='ltr'><strong>vel</strong></span> <span class='ocrx_word' id='word_1_111' title='bbox 602 2332 758 2397; x_wconf 85' lang='lat' dir='ltr'><strong>vermium</strong></span> <span class='ocrx_word' id='word_1_112' title='bbox 778 2348 884 2398; x_wconf 77' lang='lat' dir='ltr'><strong>rnot&#39;us</strong></span> <span class='ocrx_word' id='word_1_113' title='bbox 907 2344 1061 2415; x_wconf 85' lang='lat' dir='ltr'><strong>excitant,</strong></span> <span class='ocrx_word' id='word_1_114' title='bbox 1134 2365 1135 2368; x_wconf 41' lang='lat'>¹</span> 
     </span>
     <span class='ocr_line' id='line_1_20' title="bbox 116 2420 1062 2536; baseline 0.003 -25"><span class='ocrx_word' id='word_1_115' title='bbox 116 2474 223 2512; x_wconf 76' lang='lat' dir='ltr'><strong>norum</strong></span> <span class='ocrx_word' id='word_1_116' title='bbox 249 2457 357 2535; x_wconf 86' lang='lat' dir='ltr'><strong>itaque</strong></span> <span class='ocrx_word' id='word_1_117' title='bbox 387 2458 477 2536; x_wconf 80' lang='lat' dir='ltr'><strong>signa</strong></span> <span class='ocrx_word' id='word_1_118' title='bbox 496 2420 665 2534; x_wconf 81' lang='lat' dir='ltr'><strong>periodice</strong></span> <span class='ocrx_word' id='word_1_119' title='bbox 690 2466 780 2512; x_wconf 74' lang='lat' dir='ltr'><strong>aucta</strong></span> <span class='ocrx_word' id='word_1_120' title='bbox 802 2435 965 2515; x_wconf 78' lang='lat' dir='ltr'><strong>observari</strong></span> <span class='ocrx_word' id='word_1_121' title='bbox 986 2474 1062 2535; x_wconf 89' lang='lat' dir='ltr'><strong>pos-</strong></span> 
     </span>
     <span class='ocr_line' id='line_1_21' title="bbox 118 2548 1105 2653; baseline 0.002 -24"><span class='ocrx_word' id='word_1_122' title='bbox 118 2558 195 2645; x_wconf 82' lang='lat' dir='ltr'><strong>unt,</strong></span> <span class='ocrx_word' id='word_1_123' title='bbox 217 2569 314 2652; x_wconf 82' lang='lat' dir='ltr'><strong>quod&#39;</strong></span> <span class='ocrx_word' id='word_1_124' title='bbox 327 2585 433 2629; x_wconf 86' lang='lat' dir='ltr'><strong>autem</strong></span> <span class='ocrx_word' id='word_1_125' title='bbox 455 2568 630 2650; x_wconf 87' lang='lat' dir='ltr'><strong>quoddam·</strong></span> <span class='ocrx_word' id='word_1_126' title='bbox 642 2589 714 2627; x_wconf 88' lang='lat' dir='ltr'><strong>cum</strong></span> <span class='ocrx_word' id='word_1_127' title='bbox 734 2567 841 2653; x_wconf 85' lang='lat' dir='ltr'><strong>luna</strong></span> <span class='ocrx_word' id='word_1_128' title='bbox 825 2573 1062 2631; x_wconf 87' lang='lat' dir='ltr'><strong>commercium</strong></span> <span class='ocrx_word' id='word_1_129' title='bbox 1103 2548 1105 2553; x_wconf 19' lang='grc' dir='ltr'>Ι</span> 
     </span>
     <span class='ocr_line' id='line_1_22' title="bbox 116 2682 1132 2781; baseline 0.003 -37"><span class='ocrx_word' id='word_1_130' title='bbox 116 2687 234 2781; x_wconf 87' lang='lat' dir='ltr'><strong>ninime</strong></span> <span class='ocrx_word' id='word_1_131' title='bbox 255 2682 439 2744; x_wconf 80' lang='lat' dir='ltr'><strong>verosimile</strong></span> <span class='ocrx_word' id='word_1_132' title='bbox 454 2682 575 2759; x_wconf 89' lang='lat' dir='ltr'><strong>reddit.</strong></span> <span class='ocrx_word' id='word_1_133' title='bbox 620 2685 808 2761; x_wconf 81' lang='lat' dir='ltr'><strong>A&#39;ttentione</strong></span> <span class='ocrx_word' id='word_1_134' title='bbox 827 2705 908 2744; x_wconf 89' lang='lat' dir='ltr'><strong>vero</strong></span> <span class='ocrx_word' id='word_1_135' title='bbox 930 2685 1064 2768; x_wconf 82' lang='lat' dir='ltr'><strong>dignum</strong></span> <span class='ocrx_word' id='word_1_136' title='bbox 1128 2689 1132 2705; x_wconf 79' lang='lat'>¹</span> 
     </span>
     <span class='ocr_line' id='line_1_23' title="bbox 116 2799 1062 2879; baseline 0.004 -21.039"><span class='ocrx_word' id='word_1_137' title='bbox 116 2814 205 2873; x_wconf 88' lang='lat' dir='ltr'><strong>sset,</strong></span> <span class='ocrx_word' id='word_1_138' title='bbox 231 2819 298 2879; x_wconf 88' lang='lat' dir='ltr'><strong>quo</strong></span> <span class='ocrx_word' id='word_1_139' title='bbox 317 2802 519 2879; x_wconf 88' lang='lat' dir='ltr'><strong>potissimum</strong></span> <span class='ocrx_word' id='word_1_140' title='bbox 540 2803 616 2861; x_wconf 90' lang='lat' dir='ltr'><strong>anni</strong></span> <span class='ocrx_word' id='word_1_141' title='bbox 636 2815 785 2879; x_wconf 85' lang='lat' dir='ltr'><strong>tempore</strong></span> <span class='ocrx_word' id='word_1_142' title='bbox 805 2820 930 2873; x_wconf 85' lang='lat' dir='ltr'><strong>vermes</strong></span> <span class='ocrx_word' id='word_1_143' title='bbox 952 2799 1062 2862; x_wconf 84' lang='lat' dir='ltr'><strong>huma-</strong></span> 
     </span>
     <span class='ocr_line' id='line_1_24' title="bbox 116 2913 1062 2994; baseline 0 -19"><span class='ocrx_word' id='word_1_144' title='bbox 116 2918 139 2974; x_wconf 76' lang='lat' dir='ltr'><strong>si</strong></span> <span class='ocrx_word' id='word_1_145' title='bbox 160 2913 256 2975; x_wconf 87' lang='lat' dir='ltr'><strong>ovula</strong></span> <span class='ocrx_word' id='word_1_146' title='bbox 278 2915 461 2994; x_wconf 88' lang='lat' dir='ltr'><strong>deponant,</strong></span> <span class='ocrx_word' id='word_1_147' title='bbox 496 2915 546 2974; x_wconf 83' lang='lat' dir='ltr'><strong>vei</strong></span> <span class='ocrx_word' id='word_1_148' title='bbox 566 2919 658 2977; x_wconf 84' lang='lat' dir='ltr'><strong>novis</strong></span> <span class='ocrx_word' id='word_1_149' title='bbox 680 2916 806 2974; x_wconf 86' lang='lat' dir='ltr'><strong>cedant</strong></span> <span class='ocrx_word' id='word_1_150' title='bbox 854 2916 928 2973; x_wconf 62' lang='lat' dir='ltr'><strong>Ex*</strong></span> <span class='ocrx_word' id='word_1_151' title='bbox 919 2920 958 2974; x_wconf 75' lang='lat' dir='ltr'><strong>ris</strong></span> <span class='ocrx_word' id='word_1_152' title='bbox 980 2917 1062 2975; x_wconf 87' lang='lat' dir='ltr'><strong>scili-</strong></span> 
     </span>
     <span class='ocr_line' id='line_1_25' title="bbox 116 3018 1063 3112; baseline -0.002 -21.983"><span class='ocrx_word' id='word_1_153' title='bbox 116 3045 174 3104; x_wconf 86' lang='lat' dir='ltr'><strong>et,</strong></span> <span class='ocrx_word' id='word_1_154' title='bbox 216 3049 299 3112; x_wconf 82' lang='lat' dir='ltr'><strong>quae</strong></span> <span class='ocrx_word' id='word_1_155' title='bbox 319 3018 360 3089; x_wconf 70' lang='lat' dir='ltr'><strong>in</strong></span> <span class='ocrx_word' id='word_1_156' title='bbox 381 3033 459 3109; x_wconf 89' lang='lat' dir='ltr'><strong>Cap.</strong></span> <span class='ocrx_word' id='word_1_157' title='bbox 480 3032 550 3090; x_wconf 88' lang='lat' dir='ltr'><strong>XV</strong></span> <span class='ocrx_word' id='word_1_158' title='bbox 572 3029 684 3104; x_wconf 86' lang='lat' dir='ltr'><strong>retuli,</strong></span> <span class='ocrx_word' id='word_1_159' title='bbox 725 3046 848 3089; x_wconf 80' lang='lat' dir='ltr'><strong>vermes</strong></span> <span class='ocrx_word' id='word_1_160' title='bbox 877 3028 1063 3088; x_wconf 86' lang='lat' dir='ltr'><strong>animalium</strong></span> 
     </span>
     <span class='ocr_line' id='line_1_26' title="bbox 116 3122 1060 3223; baseline -0.001 -19"><span class='ocrx_word' id='word_1_161' title='bbox 116 3144 285 3204; x_wconf 84' lang='lat' dir='ltr'><strong>›lurimos</strong></span> <span class='ocrx_word' id='word_1_162' title='bbox 292 3158 373 3205; x_wconf 86' lang='lat' dir='ltr'><strong>stato</strong></span> <span class='ocrx_word' id='word_1_163' title='bbox 404 3147 478 3203; x_wconf 84' lang='lat' dir='ltr'><strong>anni</strong></span> <span class='ocrx_word' id='word_1_164' title='bbox 505 3160 653 3223; x_wconf 85' lang='lat' dir='ltr'><strong>tempore</strong></span> <span class='ocrx_word' id='word_1_165' title='bbox 688 3122 913 3223; x_wconf 78' lang='lat' dir='ltr'><strong>frequenter</strong></span> <span class='ocrx_word' id='word_1_166' title='bbox 904 3147 1060 3218; x_wconf 86' lang='lat' dir='ltr'><strong>mveniri,</strong></span> 
     </span>
     <span class='ocr_line' id='line_1_27' title="bbox 116 3242 1062 3339; baseline -0.002 -18"><span class='ocrx_word' id='word_1_167' title='bbox 116 3259 192 3321; x_wconf 69' lang='lat' dir='ltr'><strong>iiio</strong></span> <span class='ocrx_word' id='word_1_168' title='bbox 190 3265 308 3322; x_wconf 82' lang='lat' dir='ltr'><strong>iterum</strong></span> <span class='ocrx_word' id='word_1_169' title='bbox 329 3279 459 3339; x_wconf 89' lang='lat' dir='ltr'><strong>prorsus</strong></span> <span class='ocrx_word' id='word_1_170' title='bbox 483 3257 593 3321; x_wconf 87' lang='lat' dir='ltr'><strong>abesse</strong></span> <span class='ocrx_word' id='word_1_171' title='bbox 613 3272 721 3339; x_wconf 89' lang='lat' dir='ltr'><strong>patet,</strong></span> <span class='ocrx_word' id='word_1_172' title='bbox 751 3242 836 3318; x_wconf 77' lang='lat' dir='ltr'><strong>stin</strong></span> <span class='ocrx_word' id='word_1_173' title='bbox 856 3255 1001 3319; x_wconf 86' lang='lat' dir='ltr'><strong>humanis</strong></span> <span class='ocrx_word' id='word_1_174' title='bbox 1022 3261 1062 3319; x_wconf 89' lang='lat' dir='ltr'><strong>si</strong></span> 
     </span>
     <span class='ocr_line' id='line_1_28' title="bbox 116 3355 930 3459; baseline -0.006 -23"><span class='ocrx_word' id='word_1_175' title='bbox 116 3376 179 3438; x_wconf 90' lang='lat' dir='ltr'><strong>nile</strong></span> <span class='ocrx_word' id='word_1_176' title='bbox 201 3376 281 3459; x_wconf 86' lang='lat' dir='ltr'><strong>quid</strong></span> <span class='ocrx_word' id='word_1_177' title='bbox 300 3374 411 3438; x_wconf 81' lang='lat' dir='ltr'><strong>forsan</strong></span> <span class='ocrx_word' id='word_1_178' title='bbox 432 3374 564 3435; x_wconf 85' lang='lat' dir='ltr'><strong>obtinet.</strong></span> <span class='ocrx_word' id='word_1_179' title='bbox 696 3447 698 3455; x_wconf 11' lang='grc' dir='ltr'>γ</span> <span class='ocrx_word' id='word_1_180' title='bbox 928 3355 930 3359; x_wconf 22' lang='lat'><strong>¹</strong></span> 
     </span>
    </p>

    <p class='ocr_par' dir='ltr' id='par_1_5' title="bbox 304 3493 864 3693">
     <span class='ocr_line' id='line_1_29' title="bbox 538 3493 625 3566; baseline -0.057 0"><span class='ocrx_word' id='word_1_181' title='bbox 538 3493 563 3566; x_wconf 80' lang='lat' dir='ltr'><strong>s·</strong></span> <span class='ocrx_word' id='word_1_182' title='bbox 597 3498 625 3561; x_wconf 84' lang='lat' dir='ltr'><strong>s.</strong></span> 
     </span>
     <span class='ocr_line' id='line_1_30' title="bbox 304 3602 864 3693; baseline 0.005 -28"><span class='ocrx_word' id='word_1_183' title='bbox 304 3602 405 3668; x_wconf 84' lang='lat' dir='ltr'><strong>Cura</strong></span> <span class='ocrx_word' id='word_1_184' title='bbox 428 3605 637 3688; x_wconf 78' lang='lat' dir='ltr'><strong>rationalis,</strong></span> <span class='ocrx_word' id='word_1_185' title='bbox 670 3605 864 3693; x_wconf 75' lang='lat' dir='ltr'><strong>generalis.</strong></span> 
     </span>
    </p>

    <p class='ocr_par' dir='ltr' id='par_1_6' title="bbox 161 3725 1062 3814">
     <span class='ocr_line' id='line_1_31' title="bbox 161 3725 1062 3814; baseline 0 -22"><span class='ocrx_word' id='word_1_186' title='bbox 161 3728 404 3792; x_wconf 82' lang='lat' dir='ltr'><strong>Medicamenta</strong></span> <span class='ocrx_word' id='word_1_187' title='bbox 418 3733 452 3791; x_wconf 88' lang='lat' dir='ltr'><strong>in</strong></span> <span class='ocrx_word' id='word_1_188' title='bbox 466 3726 676 3812; x_wconf 76' lang='lat' dir='ltr'><strong>paragraphis</strong></span> <span class='ocrx_word' id='word_1_189' title='bbox 696 3725 965 3808; x_wconf 77' lang='lat' dir='ltr'><strong>praecedentibus</strong></span> <span class='ocrx_word' id='word_1_190' title='bbox 985 3749 1062 3814; x_wconf 82' lang='lat' dir='ltr'><strong>enn-¹</strong></span> 
     </span>
    </p>
   </div>
   <div class='ocr_carea' id='block_1_4' title="bbox 0 0 1242 4642">
    <p class='ocr_par' dir='ltr' id='par_1_7' title="bbox 0 0 1242 4642">
     <span class='ocr_line' id='line_1_32' title="bbox 0 0 1242 4642; baseline 0 0"><span class='ocrx_word' id='word_1_191' title='bbox 0 0 1242 4642; x_wconf 95' lang='lat' dir='ltr'><strong> </strong></span> 
     </span>
    </p>
   </div>
  </div>
 </body>
</html>
