2476 4642
193 180 218 231 ·.
269 168 331 295 3¹8

153 398 156 415 ·
208 396 210 401 ·
275 378 424 442 articulos
446 389 611 438 occurant.
651 374 818 437 Interdum
839 380 938 439 etiam
951 383 1098 453 ovarinm
1116 387 1225 451 anim,

272 494 381 557 lorum
399 492 547 589 nondum
567 505 807 572 separatorum,
842 478 1077 559 sed'tenaciter
1095 496 1152 559 sibi
1166 498 1206 561 ai·
1219 522 1235 589 '⁴

275 606 475 673 haerentium
494 610 672 688 rumpitur,
708 606 876 689 ovulisque
906 613 1028 671 emissis
1047 610 1208 675 media'ho
1232 594 1235 655 i

272 746 346 787 num
367 723 576 787 articulorum
595 698 672 804 pars
690 720 816 783 deletur
836 736 869 783 et
890 705 1071 810 evanescit,
1106 744 1209 791 utnon

271 832 333 904 nissi
352 840 513 921 margines
533 839 712 917 supersim,
745 835 797 898 uel
817 837 944 899 articuli
969 840 1127 920 potionati
1151 864 1209 905 oon·

275 946 466 1036 aspiciantur:
506 949 568 1014 huc
590 951 759 1014 Gallorum
778 953 922 1013 Taeniae
944 932 1128 1034 perforatae
1145 953 1209 1038 (Ti-
1221 936 1235 983 ‘¹

272 1072 341 1131 nias
375 1061 489 1149 percis
528 1059 547 1127 ai
572 1070 665 1150 jour)
692 1070 872 1149 pertinent,
914 1088 1012 1150 saepe
1038 1071 1207 1149 admiratae,

272 1202 356 1268 quae
389 1185 551 1245 rarissime
585 1196 691 1242 autem
721 1183 821 1244 modo
863 1203 965 1266 aeque
1001 1186 1155 1247 conformi
1171 1170 1222 1281 'et⁸

215 1273 219 1281 ⁴
273 1298 423 1384 elegante
446 1298 641 1359 fenestratae
670 1295 908 1376 apparebunt,-
929 1304 967 1358 a'c
992 1300 1149 1363 Mauors
1168 1302 1204 1365 do

229 1448 233 1457 .
272 1412 447 1508 Canales
467 1414 594 1494 (ioum.
616 1410 659 1471 cie
678 1412 772 1472 Med.
787 1414 827 1472 T.
848 1395 895 1494 29.
915 1432 948 1494 p.
970 1416 1040 1496 26.)
1061 1420 1150 1479 icona
1165 1426 1222 1477 en·

274 1534 399 1611 pressit
456 1530 551 1612 Quae
572 1525 638 1587 dixi
657 1528 832 1587 certissima
851 1542 943 1602 sunt,
975 1550 1040 1593 nec
1060 1527 1199 1617 hypotheti

270 1648 457 1707 innituntur.
711 1636 714 1645 ⁴
1142 1624 1155 1643 .

328 1762 484 1821 Diversus
503 1772 582 1822 vero
604 1779 624 1818 a
642 1742 843 1819 Wernero
865 1758 1000 1842 aliisque
1026 1780 1132 1844 partus
1147 1782 1197 1825 mo-

208 1904 213 1913 ·
270 1876 329 1938 dus
349 1879 514 1950 statuitur,
535 1876 622 1953 cujus
642 1875 792 1933 nimirum
814 1870 995 1954 opefovula
1015 1899 1078 1959 per
1095 1879 1196 1940 forami·

267 2012 311 2053 na
332 1984 548 2052 effundanntr
568 1986 773 2070 marginalia,
808 1990 906 2070 quid?
939 1994 1032 2074 quod
1057 1998 1105 2056 vir
1121 1988 1217 2055 modo'

229 2091 237 2190 Ἰ
270 2096 419 2175 laudatus
447 2124 482 2165 sa
509 2106 546 2163 in
575 2101 675 2166 ductu
699 2101 844 2165 flexuoso
883 2106 924 2166 ad
958 2105 1108 2170 foramen
1133 2104 1196 2169 istud

268 2234 425 2305 vergente
446 2189 541 2280 ovuia
562 2222 764 2299 conspexisse
785 2233 818 2279 et
836 2240 898 2299 per
917 2222 1005 2282 idem
1027 2202 1196 2305 expressisse,

271 2351 303 2397 et
337 2336 517 2398 Goezius
558 2328 603 2398 se¹
628 2334 724 2398 ovuia
759 2354 820 2414 per
849 2335 993 2397 Taeniae
1025 2336 1197 2399 lanceolatae

267 2452 439 2513 lemniscos
460 2450 651 2534 marginales
674 2453 787 2511 emissa
818 2447 1021 2527 observasse,
1062 2453 1196 2523 referunt,

267 2583 303 2627 ut
324 2588 375 2626 res
395 2569 455 2625 ista
476 2581 564 2626 extra
584 2566 792 2626 dubitationis
821 2563 924 2624 aleam
935 2548 1049 2645 ¹'posita
1069 2569 1196 2628 videatur.

267 2682 320 2742 Ad
340 2679 436 2740 ovula
455 2701 535 2740 vero
557 2679 648 2761 quod
668 2682 782 2739 attinet
808 2681 842 2737 in
872 2680 971 2741 ductu
994 2681 1053 2741 illo
1075 2681 1197 2743 observa·

268 2809 319 2869 ta,
341 2792 598 2853 observationem
619 2793 751 2874 quidem
774 2813 842 2854 non
863 2798 996 2854 omnino
1017 2800 1196 2880 negaverim,

267 2908 325 2970 sed
345 2904 509 2982 mihimet,
528 2907 603 2968 licet
623 2908 833 2968 canaliculutn
852 2912 977 2989 saepius
997 2913 1196 2993 praeparanti,

267 3022 440 3102 repetendi
459 3038 575 3106 negata
597 3039 644 3084 est
664 3028 806 3093 occasio:
829 3023 925 3085 ovuia
946 3026 1078 3105 quidem
1102 3030 1197 3086 circum

267 3143 373 3212 circa,
407 3158 573 3220 nunquam
594 3155 700 3199 autem
720 3143 754 3201 in
773 3142 844 3218 ipso
866 3139 948 3215 vidi,
980 3156 1012 3200 et
1033 3146 1197 3201 crassiuscu·

265 3252 315 3313 lus
337 3267 370 3313 et
388 3251 549 3313 flexuosus
569 3274 641 3313 cum
661 3258 717 3330 sit,
746 3275 829 3335 quae
850 3248 1034 3330 contineat,
1063 3254 1197 3317 difficilius

265 3388 394 3448 semper
412 3370 493 3428 visui
514 3365 718 3444 exhibentur,
758 3370 805 3427 uti
833 3376 895 3427 nec
923 3367 1023 3427 ovuia
1042 3373 1199 3450 exprimere

265 3485 424 3542 successit.
484 3482 556 3541 Huc
576 3482 718 3558 accedit,
759 3486 903 3544 ovarium
925 3486 1066 3561 primum
1085 3484 1200 3543 minoris
1232 3564 1235 3575 1

263 3597 362 3656 fuisse
382 3594 494 3672 molis,
532 3598 661 3657 demum
682 3617 793 3656 omnes
815 3600 880 3674 ejus
901 3595 1044 3657 ramulos
1066 3604 1132 3659 ovis
1151 3615 1202 3655 ma·

263 3710 341 3770 turis
361 3708 468 3770 foetos
487 3713 655 3797 intremere,
680 3726 714 3771 et
732 3710 900 3791 articulum
919 3714 1042 3791 pariter
1063 3712 1204 3773 tumidum
