2446 4644
1047 204 1097 302 nr

133 403 259 478 obiter
288 424 438 480 tantum
471 405 686 480 eorundem
713 404 952 479 mentionem
983 406 1085 515 fece-

133 527 218 629 riut..
242 560 371 671 ¹¹Huic
396 552 576 629 standum
604 574 696 648 erat,
731 581 784 629 ne
810 579 944 629 omnes
969 554 1088 631 libros

132 706 191 811 rel
217 706 439 781 medicinae
463 709 662 803 practicae
686 703 748 779 vel
771 704 956 779 historiae
978 726 1089 780 natu·
1120 720 1126 743 ¹

131 853 200 927 rali
227 854 387 947 dicatos,
415 858 686 954 tritissimaque
709 860 849 953 passim
877 856 927 929 de
951 859 1089 930 vermi·

130 1003 201 1076 bus
221 1003 443 1097 referentes,
473 1003 750 1096 enumerando,
776 1002 968 1099 lectorum
986 1004 1088 1079 lasti-

93 1188 97 1201 ·
133 1152 198 1225 dia
222 1179 434 1255 moverem.
484 1154 660 1227 Eandem
686 1159 803 1227 etiam
835 1155 886 1229 ob
915 1181 1089 1229 caussam
1164 1166 1167 1171 ’

131 1309 363 1403 scriptorum
389 1303 439 1375 de
454 1303 796 1379 antihelminthicis
815 1306 1011 1379 editorum
1027 1331 1089 1380 ca-

99 1422 102 1427 ·
130 1452 318 1552 talogum‚
348 1440 467 1556 tinem
490 1455 644 1529 tradere
668 1455 764 1531 mihi
795 1480 1088 1558 proposueram,

128 1603 292 1695 rescidi,
324 1604 557 1706 illorumque
588 1632 716 1708 pauca
747 1603 1017 1679 tantummodo
1047 1609 1089 1677 in

129 1757 226 1855 Cap.
252 1758 358 1829 XXI.
386 1752 506 1827 attuli.

228 1903 367 1978 Libros
393 1902 689 1983 inBibliotheca
706 1920 961 1994 enumeratos,
990 1927 1089 2007 quos

133 2059 217 2155 ipse
242 2053 320 2154 legi
347 2074 385 2128 et
410 2053 630 2153 dijudicavi,
657 2058 839 2128 asterisco
865 2056 1014 2143 notari3
1046 2055 1090 2127 in

132 2203 289 2304 reliquis
313 2230 406 2278 vero
432 2204 544 2303 hujus
571 2223 609 2277 et
627 2207 866 2305 insequentis
883 2201 1089 2277 voluminis

130 2354 313 2455 partibus,
341 2328 623 2454 quaelaudavi
646 2351 746 2444 loca,
773 2376 985 2449 nunquam,
1012 2355 1087 2423 nisi

130 2508 214 2604 ipse
238 2501 317 2576 hoc
348 2530 530 2595 asseram,
570 2503 625 2578 ab
657 2498 739 2574 aliis
777 2516 950 2601 mumata
986 2518 1086 2573 sunt.

132 2658 220 2731 Hoc
246 2656 465 2728 meminisse
490 2678 573 2726 non
596 2648 831 2751 superfluum
858 2647 962 2740 duxi,
996 2673 1088 2720 nam

136 2823 312 2879 auctores
337 2803 493 2904 plurimi
518 2804 628 2875 nimis
653 2798 787 2875 faciles
806 2818 906 2889 sunt,
933 2815 973 2869 et
990 2822 1091 2897 quae

134 2961 223 3061 ipsis
251 2956 362 3045 desit,
402 2951 641 3053 diligentiam
676 2949 724 3067 ab
757 2948 839 3023 aliis
874 2944 1088 3021 adhibitam

135 3133 215 3184 esse
244 3101 494 3199 confidendo,
521 3099 570 3185 ab
599 3097 905 3174 antecessoribus
930 3094 1088 3169 laudata

133 3216 356 3359 saepissime
382 3253 521 3324 incurii
545 3267 735 3350 repetunt,
761 3266 804 3319 ut
829 3244 967 3318 eadem
992 3267 1090 3317 sem-

134 3435 203 3509 per
227 3403 374 3481 menda
404 3398 532 3475 multis
563 3403 606 3471 in
638 3399 743 3473 libris
776 3411 1002 3484 occurrant,
1049 3411 1088 3465 et
1125 3492 1130 3505 Ι

133 3580 350 3658 paucorum
375 3571 526 3627 tantum
549 3552 767 3645 synonymis
795 3542 965 3620 collectis
990 3539 1087 3615 fides

132 3707 318 3784 habenda
342 3706 399 3778 sit.
