2446 4644
252 226 304 289 ,50
349 200 353 217 “

265 384 332 448 118.
361 372 453 435 Abr.
482 372 624 434 Rauen
650 371 740 452 Disp.
770 376 878 459 inaug.
907 374 949 436 de
969 374 1199 463 vermibusin·

302 493 502 552 testinorum.
530 489 567 549 L'.
587 488 623 547 Β.
646 489 730 568 1675.
753 486 797 569 ΡΙ.
822 496 865 564 14.
884 496 914 603 4.
934 491 954 528 *
994 489 1199 605 vulgatissimi

301 605 438 689 profert.

264 740 329 802 129
351 721 434 779 Diss.
454 713 703 797 philosophico·
710 717 837 779 medies
869 717 912 781 de
931 740 968 781 re
994 734 1201 786 monstrosus

300 837 484 916 Cspucino
497 833 620 893 Pisauri
649 853 710 913 per
733 837 859 895 urinam
880 850 1015 897 excreta.
1056 812 1152 899 Plura
1169 839 1201 901 (le

305 951 468 1034 sanguinis
496 949 615 1031 grumis
635 943 784 1031 polypis,
817 950 1019 1030 serpentibus
1034 972 1073 1014 sc
1090 957 1202 1034 praed·

300 1086 368 1148 pue
396 1065 439 1126 de
458 1058 621 1122 vermibus
649 1065 684 1120 in
706 1081 847 1142 corpore
876 1061 1018 1126 humano
1037 1072 1202 1148 procreetis

300 1179 372 1241 tlon
400 1178 575 1260 injucunda
605 1175 831 1258 complectens.
871 1181 962 1241 Aust.
989 1182 1201 1244 Dominico

301 1293 352 1355 de
371 1294 551 1354 Marinis
570 1290 729 1352 Romano.
750 1292 874 1354 Romae
896 1294 981 1373 1678.
998 1304 1070 1375 ,145
1089 1298 1123 1379 p.
1144 1300 1202 1361 ts*

298 1410 427 1478 =Vermis
450 1423 595 1469 excretus
616 1410 720 1486 capite
739 1410 888 1487 viperino
910 1407 1056 1490 depictus
1075 1412 1201 1499 polypus

300 1523 451 1600 videtur,
482 1539 518 1584 ut
549 1517 748 1605 strongylus·
768 1523 867 1605 Gigas
889 1523 1092 1607 defigurntus.
1130 1528 1202 1591 Reli-

298 1659 367 1721 qua
389 1638 431 1699 de
451 1635 612 1699 vermibus
634 1635 819 1716 compilatio
839 1637 946 1699 futilis.

259 1763 328 1825 130.
349 1754 432 1812 Diss.
461 1752 504 1812 de
532 1749 720 1810 Lumbricis,
754 1752 847 1812 Auct.
873 1752 891 1810 J
899 1772 929 1813 o.
951 1731 1041 1816 chr.
1060 1756 1201 1841 Alting.

299 1866 479 1947 Ultrsjecti
501 1866 589 1944 (sine
610 1884 715 1941 anno,
744 1865 803 1927 sed
823 1863 886 1926 buc
904 1870 1098 1949 pertinebit,
1116 1894 1203 1956 qutu-

277 1995 367 2042 tum
396 2000 435 2040 ex
462 1977 607 2038 Rectoris
635 1979 794 2061 magnifici
822 1984 1033 2062 inscriptione
1057 1990 1201 2055 nominati

297 2112 390 2173 oper.
425 2090 621 2153 concludere
649 2091 742 2176 licet)
769 2101 807 2166 24
825 2094 931 2181 plagg.
952 2104 981 2176 4.
1010 2098 1032 2141 ⁴¹
1082 2099 1201 2162 Nullius

296 2208 462 2270 momenti.

205 2390 214 2413 7
254 2337 324 2399 151.
345 2310 462 2404 Casp.
484 2320 574 2385 Chr.
599 2319 876 2385 SchetlttDiss.
899 2324 1048 2390 exhibens
1067 2329 1198 2391 Lumbri-

295 2460 408 2501 corum
437 2442 473 2497 in
500 2440 647 2515 corporis
675 2432 806 2498 humani
839 2443 997 2502 intestinis
1025 2444 1197 2523 productio·

294 2572 390 2626 nem,
412 2568 592 2631 eorumque
614 2571 653 2610 ex
674 2554 711 2612 iis
730 2551 971 2632 expulsionem,
1006 2573 1044 2619 ut
1063 2576 1097 2621 et
1120 2582 1194 2643 pm..

240 2708 267 2725 ..
293 2697 375 2750 pm„
403 2669 643 2725 occurrentium
674 2665 806 2727 brevem
835 2668 1090 2748 explicationem.
1123 2675 1193 2735 Mu·

293 2801 385 2865 purg.
411 2780 494 2861 1678.
520 2789 555 2852 18
574 2801 606 2860 Ρ.
626 2788 654 2857 4
677 2783 694 2818 '¹
729 2779 856 2842 Nullius
876 2791 1041 2846 momenti.
1081 2784 1095 2805 ⁸

256 2904 321 2967 151.
342 2896 570 2978 Augustini
597 2895 716 2955 Henr.
744 2895 879 2957 Fasch
909 2900 1113 2985 Progr·(de
1137 2920 1189 2963 vu·

292 3012 416 3071 miuosa
436 3008 593 3090 foetura).
615 3012 683 3073 Jen.
709 3010 793 3082 1685.
814 3011 898 3096 plag.
925 3034 949 3074 1.
970 3022 1001 3092 4.
1022 3014 1042 3057 l‘
1065 3015 1188 3077 Hominis

292 3131 402 3209 quavis
429 3131 464 3187 in
491 3143 583 3208 parte
617 3125 794 3206 putredine
825 3124 942 3189 oborta
969 3148 1096 3192 vermes
1119 3128 1186 3190 naso'

243 3246 245 3251 '
289 3262 394 3321 posse.
477 3246 485 3259 “

253 3362 318 3430 155.
339 3358 422 3419 Diss.
444 3357 485 3418 de
501 3355 690 3431 Lumbricis,
711 3374 815 3436 praes.
837 3355 1065 3421 Rud.Wilh.
1079 3362 1185 3423 Creu·

290 3475 365 3548 sio,
384 3492 470 3554 resp.
490 3470 573 3533 Joh.
596 3475 748 3555 Georg
771 3471 1184 3556 6171116116852171

270 3568 318 3663 4
338 3587 358 3626 *
386 3580 562 3650 Tritissima
582 3608 644 3668 pro
666 3587 764 3649 seculi
784 3607 885 3649 more.
1212 3636 1216 3645 .

253 3705 318 3778 154.
338 3699 420 3761 Joh
440 3702 520 3763 Jac
542 3703 724 3763 Harderi
744 3706 916 3784 Apinrium.
933 3701 1026 3763 nasu.
1048 3646 1186 3787 16874
1175 3678 1217 3751 s
