2446 4644
860 181 868 197 .
1206 174 1209 181 ,

923 231 1072 327 ,ιιι

103 397 232 458 ortuos,
263 379 315 440 vel
345 392 452 439 motus
471 377 661 458 peristaltici
689 397 754 458 ope
775 392 947 458 mactatos,
977 380 1031 445 vel

105 519 184 581 gam
207 518 246 556 ex
266 497 419 554 intestino
440 488 534 552 ichor
562 490 736 551 foetidum
748 497 949 582 continente,
976 500 1032 559 iis·

103 632 134 671 se
165 609 329 685 lethifero,
356 591 539 681 molientes,
570 604 761 666 transmittit.
811 607 902 667 Sic
892 630 928 670 ιιι
956 632 1032 672 casu
1067 598 1069 603 ’

106 723 166 784 ibl
182 736 281 784 nostr
300 742 331 782 n
346 726 427 798 διο)
450 720 558 797 allato,
573 693 820 801 qnatuordecbn
840 725 1032 786 sensimAs·

103 832 197 899 rides
225 835 501 915 bnnbaicoides,
503 834 687 895 octodecim
714 839 799 897 intra
825 856 963 916 menses,
993 861 1031 900 ex

103 955 207 1013 miae
226 947 416 1010 umbilicalis
437 945 556 1020 fissum
586 963 618 1008 et
637 952 672 1008 in
694 949 796 1010 altero
818 948 924 1027 (ibn.
926 956 1029 1035 517.)

103 1069 216 1126 reniae
237 1065 321 1124 duae
343 1085 382 1124 ex
401 1059 513 1122 hernia
532 1062 689 1146 inguinali
708 1067 849 1146 rejectae
870 1078 953 1130 sunt.
977 1066 1030 1157 ip·

131 1177 231 1239 felem
259 1179 414 1254 dissecni,
444 1178 529 1257 cujus
554 1179 740 1244 intestinum
765 1178 869 1239 'tenue
897 1178 1030 1260 sphaco-

103 1313 179 1353 eum
201 1308 233 1352 et
251 1292 410 1352 foramine
437 1290 579 1352 rotundo
599 1295 777 1372 'trajectum
805 1308 883 1370 erat,
908 1294 944 1359 in
965 1315 1032 1379 quo
1114 1287 1130 1299 ”

103 1409 199 1469 aenis
218 1403 382 1481 haerebat,
402 1420 467 1465 tres
487 1402 565 1466 vero
579 1398 761 1484 ¹praeterea
781 1392 951 1495 Ascarides
970 1426 1033 1489 per

103 1542 163 1585 zm
192 1540 340 1604 egressae
359 1522 395 1580 in
408 1520 612 1589 mesenterio
639 1519 861 1609 occurrebant.
920 1582 925 1613 ι

154 1639 212 1698 His
232 1641 342 1716 itaque
362 1636 473 1695 animo
493 1653 564 1694 non
582 1605 824 1714 praeoccupato
851 1637 1031 1719 pensitatis,
1079 1646 1085 1654 '

104 1751 355 1813 :serationem
346 1749 574 1808 1ntestinorum
586 1744 811 1824 humanorum,
832 1750 947 1830 quibus
961 1773 1032 1814 ver

104 1884 145 1927 ιι
164 1863 368 1957 perforantes
390 1860 507 1935 desint,
528 1859 661 1937 millam,
681 1881 744 1921 nec
758 1867 938 1943 generatim
957 1865 1047 1927 ullis·

125 1976 319 2042 animalibus
346 1975 490 2035 Taeniae
516 1972 569 2034 vel
588 1942 757 2037 Ascaridis
771 1995 835 2055 ope
863 1975 943 2057 fieri,
968 1999 1033 2042 neo
1124 1968 1129 1981 ’

104 2114 220 2179 qnam
238 2089 493 2153 inflammatione
513 2087 566 2150 vel
593 2087 745 2170 sphacelo
772 2094 922 2170 stipatam
950 2115 1031 2174 esse,

104 2208 387 2272 nfinnatissimum
402 2205 473 2279 erit,
493 2220 556 2264 nec
569 2202 731 2264 ulterioris
736 2205 863 2289 indiget
877 2200 1031 2276 examine.

155 2324 210 2387 IV.
232 2320 324 2382 Aliae
346 2319 493 2398 corporis
513 2331 621 2398 partes
644 2321 888 2400 aeque‘parurn
917 2339 936 2382 a
961 2330 1040 2384 aer·⁴

104 2418 180 2500 bns
199 2433 425 2518 perforantur,
455 2446 487 2493 et
511 2431 704 2493 vermiculos
732 2452 813 2514 quos
841 2434 1034 2500 Treutler

104 2562 192 2615 lam
224 2553 346 2632 juvenis
381 2547 524 2609 tibialem
557 2549 695 2617 anticam
732 2551 895 2628 trajecisse
921 2551 1050 2632 refert,.

104 2670 273 2741 maccus
306 2647 384 2724 ilinc
422 2655 566 2736 venisse,
587 2663 632 2721 in
670 2660 770 2725 Partis
812 2667 1035 2731 antecedentis

104 2795 162 2861 p.
190 2779 276 2841 XVI.
312 2783 340 2856 §.
373 2796 401 2836 a.
442 2795 495 2834 me
531 2777 606 2836 satis
631 2773 788 2854 probasse
807 2754 810 2766 ⁸
828 2746 1033 2845 crediderim.

104 2914 154 2957 -u
168 2908 299 2955 tantum
320 2911 410 2953 casus
432 2864 554 2972 cogniti
575 2903 658 2964 sunt,
684 2892 720 2953 in
748 2887 863 2970 quibus
895 2908 1034 2957 entozos
1113 2898 1115 2906 ’

112 3011 284 3088 *corporis
305 3003 474 3085 superficie
496 3017 676 3081 erumpant,
703 3004 740 3061 in
760 3002 841 3082 Cap.
861 3006 932 3067 XV.
954 3013 982 3085 ς.
1003 3028 1033 3069 ιι.

104 3127 227 3187 sasiri.
266 3120 384 3182 Filaria
403 3133 523 3194 nempe
550 3128 616 3173 tam
635 3111 794 3191 hominis,
827 3136 924 3198 quam
948 3122 1036 3182 inse
1057 3090 1060 3105 ι

105 3252 205 3300 timi
219 3250 253 3298 et
259 3235 378 3333 Ligola
397 3234 535 3312 piscium
547 3202 803 3305 abdominsiis,
794 3250 829 3290 sn
842 3231 1034 3295 animalibus

105 3351 264 3427 tiendo,
284 3349 332 3409 his
352 3349 464 3407 iorsan
481 3363 580 3403 noxas
600 3342 759 3404 infestant
772 3364 920 3421 summas,
940 3345 1035 3406 ideo·

105 3480 131 3521 ξ
164 3464 449 3552 generatimvivaa
471 3481 489 3520 e
511 3476 649 3559 corpora
665 3454 880 3519 eliminantur
922 3459 1035 3540 Quan-

119 3581 265 3644 ἙίΙιιιίιι
284 3577 481 3638 medinensis
509 3572 669 3675 ejicienda
690 3555 749 3648 ast,
777 3576 856 3634 cutis
885 3571 943 3633 sub
971 3591 1036 3655 qna
1065 3618 1071 3626 -
1115 3608 1118 3615 ·

105 3708 141 3754 ι
169 3696 353 3791 extremitas
375 3689 474 3753 altera
493 3689 583 3765 latet,
603 3670 850 3768 Kaempfsro
879 3688 1038 3763 (Amoen-

633 3799 687 3861 Ea
708 3822 725 3859 a
794 3790 801 3800 ’
