2476 4642
158 266 220 351 sta

158 420 319 504 moribus,
341 440 469 499 scroto,
490 423 642 501 brachiis,
662 446 775 500 manu,
805 440 940 508 pectore
959 443 990 490 et
1007 430 1084 491 latei·

158 547 218 607 bus
239 516 378 613 extracta
398 557 461 616 ost,
493 545 572 624 quin
600 555 631 599 et
650 543 684 602 in
704 542 799 619 oculo
829 546 982 618 occurrit,
1006 558 1037 603 ut
1051 566 1086 605 tu·

156 682 216 744 pra
236 663 358 720 monui.
398 656 566 719 Elatiam
583 659 749 735 gracilem
775 657 854 719 mihi
882 644 1015 732 dictam,
1034 659 1087 720 huic

156 795 288 857 prorsus
309 773 444 834 similem
471 775 505 831 in
526 771 643 833 Simiae
666 773 850 851 Capucinse
871 794 951 835 cavo
972 773 1088 835 abdoni-

156 891 237 960 nali;
258 889 293 949 F.
314 890 448 949 alatam
468 908 511 951 m.
534 886 564 945 d.
591 891 673 946 inter
695 887 817 947 Simiae
842 861 1010 949 iisimonis
1032 910 1088 951 ven·

76 1064 84 1087 ‚
111 1042 115 1049 ·
156 1004 261 1065 telouli
293 1007 415 1063 tunicas
450 1001 507 1063 cel·
526 1001 664 1061 Albers
689 1005 826 1081 reperit,
849 1015 881 1060 et
909 1023 971 1083 pro
1002 1010 1089 1069 sosia

156 1138 211 1181 me
230 1118 453 1181 benevolentia
472 1117 695 1197 suppeditavit.
716 1114 867 1187 ‘filaria
888 1119 1016 1179 tandem
1032 1122 1087 1199 equi

152 1234 347 1316 pupillosa,
377 1245 495 1293 ceteras
522 1245 559 1290 ut
586 1230 706 1291 iaceam
715 1254 726 1306 3
756 1232 946 1312 plerumque
970 1238 1003 1295 in
1027 1253 1109 1295 cavo·

157 1347 370 1419 abdemium,
401 1346 459 1407 sed
484 1349 519 1405 in
543 1360 676 1424 pectore
704 1349 797 1405 etiam
819 1352 978 1423 occurrit,
1010 1348 1087 1431 qnid?

157 1463 247 1601 quod
266 1466 301 1523 in
322 1461 416 1521 oculo
436 1463 565 1519 invente
593 1480 661 1519 esse
683 1458 781 1533 (Bibl.
808 1480 842 1526 ιι.
863 1463 955 1541 464.)
975 1436 1108 1533 videtin

181 1560 426 1655 Strongylus
446 1587 600 1632 armatus
625 1573 869 1654 utplurimum
859 1597 895 1636 ιιι
916 1583 990 1660 equi
1008 1596 1085 1639 coeto

154 1691 260 1773 degit,
283 1689 377 1755 sed
368 1708 403 1747 m
423 1687 564 1765 ejusdem
587 1690 680 1749 etiam
709 1690 884 1751 ventriculo
907 1707 939 1750 et
957 1712 1083 1772 pennen
1109 1704 1123 1817 1

153 1808 218 1865 tico
240 1804 337 1863 ductu
356 1810 500 1883 repertus
522 1802 647 1876 dicitur,
662 1817 694 1862 et
713 1806 747 1862 in
768 1808 1032 1888 aneurysmatibus
1049 1822 1117 1867 tn.
1121 1824 1123 1829 ’

153 1917 327 1979 bercnlosis
348 1939 444 1999 saepe
464 1921 611 1978 occurrit.

238 2034 434 2117 Strongylen
454 2032 562 2111 Gigas
593 2037 626 2093 in
658 2032 791 2096 hominis
829 2050 860 2097 et
889 2038 1082 2098 mammsliun

150 2147 364 2227 plurimorum
384 2147 511 2208 renibus
532 2147 659 2220 obvius,
691 2152 725 2209 in
748 2149 855 2211 Phoee
875 2154 1004 2214 vitulina
1021 2151 1080 2214 ecl.
1119 2178 1122 2183 ·

149 2262 196 2325 Al
208 2260 301 2323 hers
322 2265 414 2323 variis
434 2277 578 2341 repertus
598 2261 694 2332 locis3
721 2264 800 2323 alter
819 2270 970 2343 nimirum
987 2270 1079 2331 vomis

149 2381 182 2437 in
203 2382 367 2449 intestin0,
398 2377 477 2438 alter
498 2380 580 2438 circs
599 2376 787 2456 plumonem
807 2383 1011 2459 convolutus,
1030 2385 1080 2444 dno

150 2491 288 2574 denique
308 2496 340 2550 in
362 2492 475 2572 hepate
496 2509 711 2554 occurrerunt.
1110 2548 1116 2577 Ι

231 2608 427 2687 Strongylns
446 2607 589 2687 inflexus
617 2608 693 2665 mihi
715 2609 835 2684 dictus,
857 2634 954 2696 quem
974 2615 1078 2685 Klein,

149 2721 323 2799 Camper
343 2736 374 2780 et
392 2719 531 2780 Albers
551 2726 585 2781 in
601 2723 752 2801 Delphini
771 2724 960 2788 Phocaenae
977 2746 1080 2813 tymps·

148 2838 183 2892 ni
206 2854 284 2894 cavo
306 2850 509 2912 repererunt,
543 2857 561 2894 a
592 2838 704 2897 verinex
727 2860 822 2918 quem
849 2846 977 2904 Amicus
997 2844 1078 2904 modo

148 2948 250 3007 dictus
280 2953 313 3007 in
340 2950 482 3027 ejusdem
510 2952 627 3010 bestiae
654 2952 857 3031 pulmonibus
888 2960 1017 3035 detexit,
1044 2963 1081 3019 vix

146 3068 252 3142 specie
275 3064 403 3123 dillorre
423 3053 556 3124 videtur.

225 3181 422 3260 Strongylus
447 3196 637 3255 contortus,
668 3205 764 3264 quem
791 3194 918 3269 saepius
946 3207 977 3252 at
1003 3196 1084 3253 rasio·

143 3313 209 3352 rem
232 3297 266 3352 in
287 3298 352 3353 ovis
376 3295 537 3364 duodeno
561 3303 814 3376 copiosissimum
835 3322 943 3367 autem
963 3312 996 3366 in
1017 3313 1086 3386 ejus-

144 3407 224 3466 dem·
238 3408 412 3466 ventriculo
434 3425 547 3489 quarto
569 3414 648 3486 vidi,
677 3436 693 3473 a
716 3414 1087 3495 cel.Flor1nan,Pro·

141 3522 262 3580 sessore
282 3522 444 3581 Lundensi
455 3564 465 3593 ,
485 3539 521 3583 ut
550 3547 587 3585 ex
613 3529 839 3606 speciminibus
860 3557 987 3595 mecum
1011 3560 1089 3599 com·

140 3639 308 3693 munitatis
337 3652 489 3717 apparot,
522 3644 556 3697 in
590 3642 729 3718 ejusdem
764 3648 906 3709 animalis
935 3654 1090 3715 bronchiis

140 3764 285 3826 rapertus
307 3766 363 3813 est.
