2476 4642
94 196 210 321 aad

153 425 226 469 cum
246 401 305 463 sub
327 415 400 464 cute
420 386 559 462 humeae
580 399 689 483 degat,
710 400 804 463 facile
828 406 1017 485 percipitur,
1032 420 1083 467 net

154 534 318 593 suetorum
336 517 400 578 lide
420 516 590 601 dignorum
611 514 654 574 de
672 528 828 596 tempore,
851 539 917 599 quo
937 523 973 579 in
991 498 1083 601 corpo-

150 658 187 701 re
207 634 396 714 hospitetur,
421 633 607 699 testimoniis
635 642 728 691 caret.
768 615 864 691 Sem.
892 633 1084 721 Blolmrner·

152 755 231 813 tius
253 748 298 830 (in
318 745 401 806 obss.
421 747 640 822 manuscriptis
678 745 765 823 apud
795 722 989 809 isaacum'
1008 749 1083 809 Vos·

151 870 265 934 sium,
285 857 436 919 Velsch
458 860 500 941 de
519 878 599 919 vena
618 859 795 921 medinensi
819 882 853 940 p.
871 868 965 942 513.)
986 882 1083 945 »qaor-

152 981 227 1041 dttm
246 976 366 1036 nonin
386 973 529 1045 Guinee,
541 973 599 1035 sed
619 972 746 1033 demum
766 977 943 1051 interlito,
968 978 1084 1039 norint·

144 1095 201 1156 los
235 1093 331 1150 etiam
361 1099 435 1166 post
465 1088 525 1144 iter
545 1101 699 1167 quatuor,
726 1107 780 1147 sex
807 1092 907 1150 immo
930 1092 1082 1153 duodecin

151 1208 313 1270 mensium*
328 1200 390 1262 hoc
412 1200 539 1261 adfectu
560 1204 676 1280 corripi
695 1198 817 1263 solere«
843 1205 964 1266 refert.-
989 1208 1082 1269 Anto·

84 1304 87 1319 ¹
151 1327 241 1386 nius
263 1310 497 1387 Cromertrs,
518 1314 688 1396 Chirurgus
706 1314 782 1375 olim
799 1337 836 1376 ex
850 1319 978 1382 Guinee
991 1322 1097 1395 redux,¹

151 1452 275 1497 vermes
304 1433 486 1511 saepissime
516 1448 574 1510 per
603 1428 724 1509 aliquot
753 1451 895 1507 menses,
929 1435 1081 1519 aliquando

152 1552 247 1610 etiem
267 1563 368 1606 anuos
387 1542 445 1604 sub
467 1556 539 1602 cute
559 1542 740 1604 delitescere
760 1544 881 1629 absque
900 1570 1014 1634 magna
1029 1566 1081 1609 uo·

149 1665 241 1723 lestis
262 1674 293 1721 et
312 1657 518 1719 solummodo
537 1677 630 1718 sensu
649 1663 801 1737 reptantis
821 1642 962 1749 enimalis
988 1646 1082 1725 mliii·

149 1777 182 1839 la
203 1776 323 1837 detenti
341 1772 480 1855 prodere
500 1771 601 1852 orph:
620 1773 658 1832 N.
687 1774 723 1834 C.
752 1775 827 1835 Dec.
854 1797 883 1839 a
903 1778 1080 1860 Ann.,X.p·

85 1858 95 1873 x
152 1892 398 1968 515.)testatur.
439 1887 695 1968 Keempierus
717 1888 1080 1976 (Amoen.exot.‘p.531.)
1110 1936 1114 1945 .

149 2008 279 2089 pariter,
311 2024 345 2064 se
372 2005 510 2076 novisse,
543 2007 598 2084 qui
627 2006 791 2087 vestigium
822 2005 981 2083 lumbrici,
1011 2004 1087 2091 quod

139 2104 572 2199 'Gomronoesportevereu
593 2123 720 2201 gemino
749 2138 832 2178 enno
859 2120 1009 2200 Ispahani
1033 2141 1087 2185 sere

149 2248 246 2307 reret,
267 2254 334 2294 non
352 2236 441 2315 prius
462 2232 629 2307 exclusum,
663 2253 758 2315 quam
789 2239 881 2294 tertio
917 2256 1013 2310 anno,
1040 2235 1084 2296 ubi

150 2351 248 2413 redux
268 2353 301 2408 in
320 2352 370 2407 via
394 2367 462 2408 non
488 2349 600 2428 procul
626 2348 795 2408 Gomrono
824 2348 956 2410 abesset.
996 2352 1085 2413 Isert

153 2471 199 2545 (in
219 2464 442 2542 hodoeporico
462 2462 541 2522 Bibl.
568 2483 599 2520 n.
622 2468 711 2540 aaa.)
744 2483 793 2537 se,
817 2479 890 2523 octo
921 2467 996 2526 licet
1028 2480 1087 2527 ente

125 2625 129 2630 -
150 2600 272 2640 menses
295 2601 330 2638 ex
354 2578 479 2637 Guinea
499 2577 659 2651 reducem,
680 2581 714 2635 in
730 2550 835 2637 insula¹
852 2580 896 2638 St.
919 2581 1002 2640 Petri
1021 2581 1089 2641 File-

111 2719 113 2722 *
149 2699 194 2755 ria
215 2692 361 2752 laborare
382 2693 535 2768 incepisse
555 2691 666 2764 tradit,
693 2692 851 2773 pluraque
879 2697 1022 2776 exempla
1047 2717 1092 2756 cu·

149 2807 271 2867 mulares
302 2803 496 2884 superfluum
535 2803 629 2863 duco.
682 2806 826 2866 Fileriam
856 2812 949 2869 istem
980 2816 1095 2895 aliquot

152 2942 227 3005 ergo
251 2939 349 2979 annos
371 2921 473 2977 rivere
493 2937 587 2996 posse
607 2932 704 3003 patet.

184 3037 347 3118 ‚Tueniis
366 3033 542 3115 longiorem
563 3037 658 3092 vitam
688 3035 838 3096 tribuunt.
881 3039 928 3098 Cl.
958 3043 1099 3105 Carlis·

148 3156 184 3213 lc
206 3152 238 3228 (l.
261 3172 287 3210 c.
308 3171 338 3231 p.
360 3155 441 3229 249.)
467 3147 632 3208 historiam
662 3149 700 3210 eb
727 3153 907 3213 liuntero
938 3177 1100 3239 acceptam

147 3264 340 3337 tremuisse
359 3265 541 3325 facientem:
569 3264 711 3343 puellam
736 3269 886 3325 nimirum
913 3267 1102 3335 helveticum

151 3380 304 3441 Taeniae
324 3379 420 3437 lurae
437 3382 602 3457 portiones
629 3384 823 3458 saepissime,
854 3385 986 3445 tandem
1018 3395 1104 3454 annis

149 3506 223 3555 octo
258 3494 381 3571 elapsis,
416 3495 558 3553 ultimam
592 3498 693 3574 capite
721 3500 906 3556 instructam
941 3503 1104 3581 dejecisse,

127 3611 301 3668 -Taeuiem
321 3611 412 3667 istam
432 3614 542 3691 itaque
561 3614 725 3668 minimum
754 3626 825 3671 octo
853 3632 955 3674 anuos
982 3620 1104 3681 vixisse.

148 3721 281 3783 Veteres
303 3736 455 3796 auctores,
477 3725 662 3806 Taeniasbin
680 3725 777 3786 brutis
792 3732 1018 3792 intestinorum
1034 3735 1104 3795 lon·
