2476 4642
37 246 40 257 ¹
123 217 208 293 ¹516

265 299 277 324 ἱ

199 376 347 437 Taeniae
373 375 512 455 cujusvis-
536 373 663 433 articuli
684 371 801 449 ovida,
833 368 1030 454 posteriores
1041 396 1077 437 au·
1096 438 1101 449 ,

143 506 211 555 tem
232 493 355 568 majora
373 485 427 547 vel
447 502 571 547 matura
592 492 777 563 continent,
798 508 861 547 nec
881 510 1018 571 unquam
1034 494 1081 549 visa
1106 519 1111 549 ι

147 596 218 681 eit,
239 624 323 687 quae
344 623 434 664 mere
454 603 595 697 mascula
617 601 730 664 haberi
750 607 930 683 potuisset,
959 584 1082 663 econtra

146 736 254 781 autem
281 719 426 780 lemnisci
445 723 541 815 variis
563 724 661 793 varii,
691 722 727 777 in
747 714 863 798 Capite
891 694 1084 798 praecedento

148 835 241 908 dien,
261 854 324 913 pro
346 832 537 917 genitalibus
559 833 706 893 murculle
729 830 880 906 habendi,
905 832 1005 891 additi
1021 846 1084 893 sunl.

148 949 249 1009 Sexus
272 968 351 1033 ergo
371 922 510 1031 uterqud
531 949 704 1009 eodem'in
724 947 918 1035 animalculo
940 952 1084 1027 reperitur,

146 1048 290 1144 nimique
319 1065 547 1149 androgynum
575 1070 684 1123 utrum
720 1056 1021 1140 hermaphroditum
1041 1066 1084 1138 sit,

148 1176 209 1263 alia
220 1170 339 1238 ¹oritur'
353 1184 509 1260 quaestio.

205 1282 352 1353 Unicum·¹
368 1297 554 1377 saepissime
577 1295 613 1353 in
645 1291 752 1351 bestiis
782 1305 908 1351 tantum
937 1312 1082 1353 occurrere

146 1408 303 1487 Taeniam
323 1408 481 1483 adultam,
504 1406 606 1468 ovulis
627 1406 769 1479 foetam,
789 1404 843 1465 vel
863 1400 1081 1467 Taeniolis'mi·

145 1525 255 1600 nimis,
289 1508 351 1602 pio
375 1522 520 1600 ejusdem
538 1520 635 1602 prole
655 1519 832 1595 habendis,
867 1502 1031 1600 stipatam,
1055 1535 1081 1581 ut

148 1636 217 1697 sola
244 1636 306 1696 sibi
327 1634 503 1705 *suffecisse
529 1636 695 1711 videatur,
736 1640 906 1695 Auctores.
932 1640 1080 1698 rectissime
1109 1690 1111 1719 :

147 1752 279 1833 quidem
316 1765 468 1829 monent,
487 1762 491 1769 '
509 1749 572 1812 hoc
598 1766 706 1811 tamen
742 1746 968 1833 argumentum
1001 1749 1079 1811 sohm
1109 1728 1111 1739 Ι

144 1870 280 1929 mitioris
299 1867 388 1927 foret
406 1866 582 1949 ponderis,
618 1886 714 1946 saepe
742 1872 827 1926 enim
847 1887 975 1947 vermes
981 1908 993 1941 ,
1020 1884 1077 1947 quo·

144 2002 218 2042 rum
236 1996 329 2044 'sexus
361 1984 488 2044 discren
515 1997 607 2056 sunt,
647 1982 779 2041 feminei
800 1972 926 2041 tantmu
945 1981 1076 2059 iidemque

146 2102 358 2177 copiosissimi
376 2093 412 2158 'et
433 2098 557 2181 gravidi
578 2096 711 2172 adsunt,
732 2111 769 2156 ut
789 2101 877 2156 coitu
898 2091 1075 2176 peractohe·

146 2234 221 2273 rum
239 2234 346 2275 mares
373 2228 521 2275 mortuos
543 2211 718 2273 decessisse
739 2212 947 2271 statuendum
967 2214 1017 2282 sit;
1042 2210 1075 2271 in·

146 2328 284 2389 tardum·
298 2344 422 2406 autem,—
449 2326 527 2388 licet
547 2323 610 2386 hoc
629 2325 731 2386 multo
752 2329 855 2386 rarius
877 2328 1012 2405 accidat,
1028 2342 1075 2383 nt·

144 2464 195 2503 res
216 2443 442 2504 tantummodo
463 2447 684 2524 reperiuntur:
722 2441 865 2502 absentia
894 2446 998 2523 itaque
1021 2440 1074 2500 alte·
1107 2412 1111 2479 -3

143 2561 208 2616 rius
231 2578 321 2618 sexus
343 2562 499 2618 vermium
520 2557 588 2617 sola
610 2556 688 2616 nihil
708 2558 833 2638 probat.
874 2557 1003 2617 Fabrica
1018 2573 1073 2615 vero
1108 2584 1111 2623 ;

144 2673 288 2730 Taeniae
303 2717 313 2746 ,
355 2689 469 2751 utpote
509 2677 626 2733 vermis
659 2673 836 2755 longissimi
881 2688 913 2733 et
947 2670 1074 2733 articulati
1109 2675 1111 2709 ³

97 2804 100 2809 ’
145 2798 299 2861 spectata,
322 2786 469 2847 articulos
493 2788 633 2867 ejusdem
653 2788 813 2848 individui
835 2810 939 2868 aeque
959 2788 1031 2848 bene
1050 2802 1074 2842 ac
1109 2800 1111 2841 ἰ

146 2897 287 2957 duorum
315 2903 402 2959 coire
434 2923 530 2981 posse
550 2920 646 2984 patet.
697 2904 745 2966 Cl.
766 2879 1000 2981 Wernerll
1019 2919 1074 2977 cp.

143 3016 212 3094 (¹37.)
241 3019 383 3095 quertivis
413 3018 581 3078 articulum
611 3023 857 3098 conceptionem
887 3023 1008 3078 interne
1026 3013 1075 3073 abs·

144 3151 208 3215 que
231 3135 318 3190 coitu
339 3130 523 3207 absolvere,
552 3134 603 3194 vel
625 3134 719 3194 ovula
739 3138 772 3194 iu
795 3135 913 3193 codem
935 3134 1076 3193 observat·
1108 3172 1111 3185 .

145 3247 188 3306 da
207 3249 252 3305 ita
272 3246 459 3307 foecundari
480 3264 642 3324 autumat,
683 3266 720 3309 ut
741 3249 837 3309 ovula
862 3253 897 3308 in
919 3250 1077 3309 ovidustun
1103 3226 1108 3233 Ι

101 3366 106 3375 “
142 3360 196 3420 vel
216 3361 359 3421 canalem
379 3360 558 3422 flexuosum
580 3360 697 3437 delata,
719 3368 753 3423 in
768 3384 843 3423 vase
865 3366 994 3424 tandem
1014 3381 1080 3423 com·

143 3479 243 3549 inuni,
267 3480 318 3532 cui
334 3476 449 3535 canalis
465 3480 670 3556 spermaticus
687 3482 849 3554 inseritur,
871 3476 962 3559 hujus
983 3481 1083 3540 semine

143 3589 360 3667 perficiantur.
402 3592 473 3650 Hoc
496 3607 601 3650 utitem
622 3606 686 3650 tam
709 3614 831 3654 cornua
839 3638 850 3668 ,
872 3611 981 3673 solae,
1001 3590 1086 3677 papil-

143 3700 195 3788 lae
218 3719 277 3763 etc.
306 3722 445 3781 exserta,
486 3727 597 3766 verum
627 3712 747 3768 coitum
772 3709 967 3789 probantia,
1009 3730 1090 3796 quan
