2446 4644
898 226 902 243 Ι
985 160 1042 249 ξιι
1125 188 1129 197 ·

102 300 227 367 adatim
248 318 280 365 et
299 302 359 365 sub
380 308 568 366 ovariorum
588 286 729 366 motibus
752 305 908 387 edantur,
927 305 1045 375 horum

102 423 164 481 'tio
187 423 320 497 omnin-o
342 424 377 479 ln
398 435 586 501 computum
607 400 713 503 venit,
744 441 925 505 eorumque
946 424 1060 514 labri3

102 557 150 595 ιιι
176 532 371 595 fibrosam
361 553 402 593 sn
418 535 498 615 Cap.
518 535 739 621 praecedente
761 534 924 635 descripsi.
967 522 1044 606 Non¹
1090 534 1093 539 ¹
1126 544 1129 567 '

102 664 123 711 t
149 665 267 725 tamen,
290 649 382 732 quod
401 652 518 711 vermis
539 651 639 731 ipsius
661 665 735 727 cute
755 652 929 753 musculari
949 676 1044 737 pree·

102 766 139 823 ti
166 766 327 824 actionem
348 765 382 824 in
401 779 498 857 partu
517 762 656 825 naturali
677 768 801 841 minimi
821 764 938 845 facias,
966 791 1044 849 nem

102 877 217 938 :sola
232 875 324 958 hujus
345 878 397 939 vel
418 878 501 940 illius
528 876 676 980 corporis
704 884 802 960 partis
833 887 1043 963 contorsione
1119 928 1122 933 -
1176 889 1181 906 '

102 1007 137 1052 tt
156 997 404 1095 compressione
417 974 482 1055 vina
501 997 537 1055 in
558 998 669 1056 ovaria
690 992 834 1057 exbiberi
853 994 927 1058 luce
947 972 1042 1067 rneri-¹
1113 1002 1115 1008 '
1202 1002 1206 1012 ’

105 1106 177 1167 ana
198 1086 315 1169 clarius
337 1125 393 1170 est

138 1222 188 1283 De
208 1223 397 1284 Ascaridum
418 1222 542 1311 aliquot
562 1223 665 1287 erulis
688 1184 1042 1311 circsmagnitudinem

102 1355 153 1397 ιιιι
172 1342 333 1427 sanguinis
356 1314 496 1423 globulis
516 1344 710 1420 comparatis
724 1337 838 1425 hisque
849 1338 956 1423 multo
974 1362 1041 1421 ma·

102 1452 225 1537 ribus
216 1472 251 1515 m
271 1455 350 1535 Cap.
371 1452 486 1557 XVlIl.
508 1458 533 1535 5
555 1446 583 1517 δ’
606 1459 684 1539 egi.

508 1664 534 1740 5.
576 1683 606 1725 2.·
666 1736 669 1741 p
719 1670 722 1675 ’

139 1776 141 1783 ’
224 1800 227 1805 ·
296 1752 823 1868 Acanthocsepbelort'snt.

102 1982 106 1989 ,
136 1908 248 1979 Coitus
277 1916 333 1996 q'ui
361 1918 395 1975 in
422 1884 712 1998 Acanthoceph'alts
741 1908 813 1993 Ηιιζ
830 1892 912 1993 utam
941 1915 1038 1979 volva

102 2052 176 2123 uam
197 2028 325 2110 spiculis
346 2029 398 2090 vel
417 2050 503 2129 pene
525 2031 701 2135 destitutis?
710 2012 878 2137 explicatu
899 2031 1038 2111 difficile,

102 2150 136 2208 lsi
163 2143 299 2205 similem
326 2143 438 2207 forsan
467 2167 581 2225 eorum
594 2154 649 2249 ιιι
678 2151 714 2231 in
735 2126 878 2229 piscibus
899 2164 933 2208 et
952 2152 1038 2209 renis

102 2236 372 2331 »ecundationem
381 2238 611 2363 supponamus,
632 2262 734 2347 quod
743 2260 824 2322 mihi
843 2261 957 2349 saltem
971 2281 1038 2321 ma·

102 2398 158 2438 nae
180 2364 309 2437 arridet
352 2352 486 2457 Ovula
477 2391 587 2460 ltaque
608 2398 627 2439 a
649 2376 786 2440 femellis
801 2378 887 2438 edita
899 2378 1038 2437 marium

102 2494 197 2553 mine
219 2513 258 2552 ex
277 2495 383 2555 vesica
405 2491 548 2569 cauduli,
581 2492 624 2555 cle
645 2514 710 2577 qua
730 2495 766 2553 in
784 2495 865 2572 Cap.
886 2492 1036 2575 praeced.

102 2608 224 2681 nctavi,
253 2605 468 2687 superimfuso
497 2605 649 2668 vivificari
670 2623 827 2690 possent.
840 2601 927 2668 lste
951 2609 1038 2669 enim

102 2726 179 2784 isica
192 2712 350 2805 'globulos
372 2720 560 2805 (testiculos)
582 2696 749 2807 continens
769 2726 906 2784 maxime
926 2742 1036 2784 vescu-

102 2859 143 2899 sa
165 2851 230 2913 est,
251 2852 288 2896 ut
308 2838 346 2897 ex
365 2836 500 2915 vasculis
522 2858 633 2900 semen
650 2828 816 2925 'adspergi
823 2842 927 2923 possit
935 2884 949 2915 ‚‚
968 2838 1036 2899 lor-

102 2975 131 3015 .n
160 2968 270 3013 autem
297 2950 423 3034 globuli
452 2956 557 3023 emissi
586 2952 645 3015 sub
677 2958 765 3014 coitu
794 2928 1036 3034 disrumpuntur

102 3093 105 3128 ;
125 3088 256 3150 sperma
279 3062 459 3127 effundunt.

131 3186 264 3247 Pactum
285 3180 377 3265 quod
391 3183 514 3256 attinet,
535 3180 631 3241 ovula
643 3201 764 3257 verane,
786 3184 821 3240 in
836 3185 1036 3262 experimen·

102 3315 200 3362 stam
222 3321 257 3359 ι
255 3298 425 3360 Goezio
447 3310 480 3355 et
500 3294 667 3359 Zedero
689 3317 786 3378 quam
809 3296 1034 3392 ιιιιιειριὶε,

102 3433 265 3494 impresso
286 3413 416 3471 nonnisi
436 3408 639 3503 proboscidis
661 3414 753 3491 apice
774 3389 912 3471 eructari
925 3406 1032 3469 obser-

102 3544 209 3605 antur,
240 3547 303 3587 nec
330 3524 427 3586 aliurn
457 3524 588 3609 quidem
609 3524 762 3601 modurn,
793 3545 857 3607 quo
887 3523 1036 3601 edantur,
1117 3540 1119 3545 ’

102 3641 260 3719 nimalculi
280 3640 403 3703 fabrica
424 3640 552 3718 collata,
573 3643 746 3721 concipere
767 3660 910 3719 possum
931 3635 1036 3700 Ovula
