2446 4644
876 301 880 315 ,
962 240 984 314 9,

99 371 155 455 'vel
168 387 308 466 species,
329 381 438 466 qualia
450 379 632 467 constituit,
652 381 734 465 vitiis
747 390 869 459 carent,
882 378 984 445 multu

101 518 212 564 tamen
225 498 312 587 boue
318 543 330 576 ,
351 517 385 560 et
396 519 558 560 novorum
568 516 637 560 non
648 508 753 581 p'suca
769 500 886 559 inruat.

172 593 315 675 Libellus
341 616 481 675 versioni
514 610 647 697 gallicae
680 632 716 693 p.
738 619 795 681 115
810 646 826 665 -
845 629 900 673 ιιι
928 629 984 673 en·

97 749 220 803 nexus,
243 734 320 808 1775
340 733 474 789 seorsim
496 728 617 805 editus,
635 731 671 791 in
690 723 783 810 hujus
803 724 983 793 voluminis
1084 747 1087 756 ·

87 860 194 928 -perte
216 847 309 922 tertie
329 842 468 905 dicetur:
516 896 519 901 .

23 981 68 1045 ¹7·
88 956 238 1023 Versuch
260 962 351 1019 einer
369 955 654 1042 Noturgescltichte
679 958 740 1020 der
759 934 992 1044 Eingeweidess

59 1079 203 1138 wrirmer
245 1069 429 1134 thierischer
469 1075 616 1155 Korper,
664 1095 731 1136 von
768 1076 787 1137 J
793 1074 853 1137 oh.
889 1077 984 1159 Aug.
1080 1139 1083 1158 Ι

59 1187 258 1270 Ephraim
281 1188 427 1251 Goeze.
457 1189 519 1251 Mit
537 1167 579 1266 44
596 1188 745 1270 Kupfert.
765 1190 875 1269 Leipu.
897 1199 985 1270 ¹78²·

61 1302 119 1369 xl
145 1319 179 1362 et
197 1310 266 1382 471.
287 1324 320 1384 p.
340 1310 370 1381 4
390 1303 411 1346 ἢ
449 1300 790 1386 Helminthologorum
808 1301 916 1371 nullus
935 1316 986 1364 to·

61 1419 164 1478 tidem
190 1417 310 1478 detexit
336 1421 492 1479 vermium
516 1421 638 1498 species
665 1404 718 1480 ¹vel
745 1415 985 1481 observationes

61 1531 256 1607 cumulavit,
288 1530 396 1592 nullus
416 1535 501 1592 vitae
521 1552 635 1593 eorum
663 1551 775 1595 omnes
794 1531 912 1595 modos
933 1553 986 1594 ee·

62 1665 127 1730 que
147 1645 231 1708 bene
252 1650 470 1730 investigavit,
505 1661 538 1707 et
563 1643 750 1708 thesaurum
769 1650 820 1709 vir
845 1644 986 1709 indefes·

61 1787 113 1828 sus
147 1760 242 1823 nobis
276 1761 424 1844 reliquit,
474 1781 512 1821 ex
543 1780 609 1842 quo
642 1765 767 1842 posteri
808 1766 987 1846 gratissuna
1060 1757 1063 1767 '

60 1894 171 1941 mente
203 1895 335 1956 semper
372 1872 529 1935 haurient.
589 1873 718 1938 Vellem
758 1891 865 1939 tamen
902 1900 987 1984 <puae
1060 1893 1063 1906 ·

60 1995 271 2067 ὒοειίιιε,,
289 1989 377 2049 tenta
395 1987 494 2050 laude
514 1989 646 2074 dignus,
674 1989 892 2069 observasset,
920 1992 986 2057 ulio

60 2108 166 2171 ruodo
197 2105 383 2188 redegerit;
421 2103 561 2185 plurimu
597 2109 683 2169 enim
717 2103 781 2167 hoc
813 2109 849 2175 in
882 2128 987 2189 opere

62 2232 156 2284 vasto
176 2220 266 2281 mele.
281 2219 434 2306 disposita
455 2234 489 2280 et
510 2219 653 2302 disperse
672 2236 763 2299 sunt,
791 2236 825 2283 et
846 2222 990 2306 descrip·
1074 2242 1081 2253 ‘

61 2342 186 2412 tiones,
210 2334 287 2396 licet
305 2332 411 2394 verbis
424 2346 500 2394 *non
520 2338 725 2413 pepercerit,
756 2334 987 2416 utplurimum

60 2472 132 2514 non
165 2448 346 2524 sufficiunt,
386 2469 449 2509 nec
481 2468 557 2511 raro
591 2448 816 2531 descriptionis
851 2457 989 2537 omissus

61 2569 139 2629 loco
165 2570 303 2627 ¹iconem
340 2578 463 2626 tentum
491 2562 650 2644 praebuit.
708 2563 822 2628 leones
856 2569 988 2650 quidem

63 2682 340 2766 elegantissimae,
381 2698 477 2758 saepe
508 2692 618 2739 -temen
649 2676 715 2740 fide
738 2701 817 2742 uon
850 2682 989 2768 dignes,

61 2811 138 2860 oum
163 2815 289 2875 permes
318 2797 531 2854 instrumento
555 2786 857 2873 pressorio=elisos
870 2813 904 2858 et
931 2800 989 2862 de.

62 2913 219 2974 formatos
250 2913 371 2971 sistent.
432 2909 576 2990 Systeme
601 2928 723 2990 genere
742 2930 846 2989 pauca
865 2917 989 2992 specie·

62 3025 124 3086 bus
152 3046 218 3108 qua
252 3033 377 3106 partem
414 3021 638 3106 heterogeneis
673 3023 795 3084 referta
827 3028 1012 3105 continete..

63 3141 269 3216 Ascuridem,
297 3134 608 3216 Trichocephalum,
638 3138 815 3216 Gordium,
840 3140 989 3202 Cuculla-

64 3277 161 3331 num,
182 3250 410 3336 Strongylum,
431 3248 874 3337 Pseudoechinorhynchum,
894 3253 989 3314 Echi-

63 3365 311 3453 norhynchum,
346 3363 545 3440 plenariam,
585 3344 795 3440 Fesciolam,
814 3367 988 3445 Taeniam,

64 3479 182 3548 Chaos.
236 3479 393 3555 Ordines,
435 3499 516 3562 quos
550 3476 610 3540 cel.
645 3478 827 3539 Zederus
859 3480 989 3544 densum

64 3599 232 3676 exposuit,
262 3593 505 3675 praetereundo
526 3592 642 3672 refert,
677 3611 739 3656 nec
758 3595 861 3656 virum
881 3595 990 3670 oculs.

56 3696 225 3777 'tissimum
244 3709 362 3796 fugere
382 3722 543 3790 poterent.
