2476 4642
915 244 975 323 4⁷7
1016 317 1017 320 ,

13 386 118 474 hujus
140 395 261 474 Capitis
281 388 485 476 paragrapho
511 408 600 452 nona
619 380 725 466 docui.
771 391 855 457 Inde
885 398 981 470 etiem

13 502 71 584 fit,
102 524 139 568 ut
165 507 334 569 sub-febri
360 509 549 581 verminosa,
578 520 633 568 aut
657 503 774 566 morbo
802 528 981 591 puerorum

12 626 209 695 verminoso
231 624 329 698 dicto,
358 638 481 682 vermes
508 622 633 699 saepius
652 636 720 681 non
745 627 869 702 reperti
893 641 980 703 sunt,

13 736 115 817 quod
139 736 202 799 cel.
231 730 471 796 Wichmann
500 732 530 813 (l.
553 746 631 814 c.,p.
653 730 714 817 75'.)
741 739 857 798 merito
883 756 981 824 urget

12 848 58 911 Et
77 847 293 928 subjectorum
313 847 367 908 illa
394 846 477 907 febri
498 851 722 908 exstinctorum
742 847 981 918 distractionibus

12 960 119 1050 '1-(Bibl.
141 983 171 1041 n.
193 936 274 1043 580)
295 983 314 1022 a
334 961 390 1022 cel.
412 962 604 1022 Huntero
624 963 772 1022 institutit
791 965 966 1049 confirmat.

81 1142 84 1147 ,
104 1077 236 1137 Praeter
254 1074 409 1139 scrofulas
430 1079 525 1156 ipsas,
552 1077 603 1135 vix
625 1077 689 1135 nisi
708 1060 806 1138 status
834 1086 980 1162 corporis

18 1166 73 1251 bi·
89 1185 205 1266 affinis,
227 1177 415 1265 estbenicus,
437 1186 632 1250 cachecticue
651 1186 704 1269 rel
721 1187 982 1278 leucophlegma.

12 1304 116 1391 Uncus,
133 1307 289 1364 vermium
303 1299 516 1363 humanorum
530 1301 737 1383 cumulationi
748 1307 866 1368 nimiae
884 1308 981 1383 iavet,

26 1432 59 1479 et
84 1421 121 1476 in
148 1414 256 1478 bestiis
276 1416 363 1477 idem
383 1419 588 1497 conspicitur.
639 1415 754 1478 Similis
785 1435 872 1481 certe
890 1418 981 1483 lebes

28 1546 85 1609 est,
105 1546 191 1613 quae
205 1545 320 1613 greges
339 1530 534 1607 infestando,
546 1531 732 1593 Distomatis
751 1528 889 1614 heptatici
902 1535 984 1598 mul·

24 1630 262 1727 'tiplicationeru
282 1647 412 1703 nimiam
433 1649 563 1717 excitat;
584 1649 660 1728 eqni
681 1650 776 1708 etiarn
788 1646 906 1733 malleo
918 1648 984 1711 'hu-

29 1761 117 1821 mido
138 1757 321 1818 laborantes
340 1754 530 1839 plerumque
549 1756 642 1817 valde
654 1761 837 1837 verminosi,
858 1777 891 1822 et
909 1780 983 1827 aves

31 1872 214 1957 strophicae
237 1871 379 1930 entozois
403 1883 533 1928 scatent.
573 1869 611 1928 In
638 1869 752 1931 iisdem
779 1877 875 1935 etiam
894 1879 983 1939 varia

28 1992 186 2073 originem
214 1981 374 2043 malorum
398 1960 651 2054 vermibus'non
681 1983 795 2060 deberi
825 1986 984 2068 probant;
1025 1985 1030 2006 ¹

25 2103 242 2185 partes-enim
261 2100 413 2178 primario
436 2111 490 2157 aut
509 2099 708 2175 potissimum
720 2096 853 2163 affectae
872 2102 985 2165 iisdem

10 2210 150 2281 liberae
170 2222 253 2290 sunt,
275 2210 575 2294 quaepostmodum
596 2229 702 2289 autem
714 2213 898 2275 debilitatae
910 2220 984 2295 sint,

19 2330 204 2393 abundant.
244 2323 381 2388 Malleus
401 2321 549 2386 humidus
568 2330 707 2408 primum
727 2332 854 2407 topicus
875 2344 932 2406 est,
953 2346 987 2393 00

10 2444 84 2509 sub
107 2446 201 2504 initio
221 2440 412 2521 plerumque
440 2443 569 2501 nonnisi
593 2438 748 2502 Tunicam
768 2439 987 2504 Schneidertr-

10 2572 103 2622 nam
126 2559 270 2636 corripit,
301 2568 337 2613 ut
358 2572 459 2641 equus
481 2556 577 2613 etiam
607 2552 724 2625 eodem
751 2552 902 2623 laborans
930 2557 987 2619 diu

9 2654 163 2757 vegetus
185 2683 217 2730 et
236 2666 402 2727 incolumis
424 2683 587 2747 appareat,
619 2683 651 2729 et
671 2671 815 2749 appetitu
845 2685 877 2731 et
898 2670 989 2754 dige-

10 2791 136 2850 ttione
156 2783 261 2846 valida
280 2785 411 2865 insignis
432 2786 482 2860 sit,
497 2798 578 2859 ¹tum
604 2781 775 2864 pulmones
808 2782 891 2853 malo
920 2778 989 2845 affi-

13 2898 169 2992 ciuntur,
190 2898 320 2959 tandem
340 2912 443 2958 totum
465 2916 580 2980 corpus
601 2898 779 2962 mulctatur.
821 2884 989 2959 Sinus've·

12 3034 65 3093 ro
88 3010 245 3072 frontales
273 3027 305 3072 et
324 3001 512 3088 maxillares,
541 3026 573 3074 et
598 3011 743 3093 reliquae
772 3013 842 3070 nasi
868 3008 987 3089 partes,
1056 3026 1059 3031 ·
1121 3019 1125 3027 '

13 3131 161 3213 ipsique
180 3124 346 3206 pulmones
368 3124 528 3187 vermibus
555 3121 650 3184 liberi
677 3136 761 3197 sunt,
789 3136 904 3182 tractus
932 3144 988 3183 au-

18 3258 98 3307 tern
119 3232 307 3301 intestiualis
327 3239 441 3299 iisdem
461 3252 568 3298 scatet.
613 3234 663 3299 Ita
682 3226 846 3301 inesibus
862 3234 987 3296 ›scrofu-

20 3356 109 3421 losis
131 3345 233 3436 hepar
255 3371 287 3416 et
299 3353 468 3434 pulmones
488 3353 688 3434 potissimum
701 3340 816 3411 affecta
829 3349 904 3426 vidi,
918 3369 988 3411 sae-

23 3492 151 3559 peque·
162 3462 272 3557 scifrhi
285 3472 392 3533 ⁴varias
413 3482 571 3548 occupant
589 3479 708 3547 partes,
726 3464 793 3525 nec‘
802 3460 920 3524 tractus
939 3465 989 3528 in·

27 3580 188 3650 testinalis
209 3581 383 3664 valdopere
405 3579 586 3644 debilitatus
608 3594 665 3656 est,
693 3592 730 3640 ut
755 3593 885 3659 praeter
910 3579 991 3659 inte·

29 3705 196 3771 stinorum
216 3718 389 3769 coecorum
410 3695 534 3779 aliquot
554 3693 721 3771 ascarides,
740 3690 900 3758 vermibus
920 3713 989 3757 non
