2476 4642
131 244 202 325 3⁰⁰.

133 391 190 455 cel.
210 395 316 453 virum
335 408 405 449 rem
424 386 501 449 inde
521 386 632 447 forsan
650 406 704 449 mo
722 393 903 452 accuratius
920 384 1069 453 obtemsn'

131 511 285 591 potuisse,
305 502 456 571 facillume
472 502 626 565 concedo.
661 504 774 562 Maris
792 519 921 583 partem
935 506 1059 585 postis·

133 624 340 693 crassiorem,
376 622 461 679 etin
481 616 621 699 quadam
642 637 660 676 a
682 616 784 678 cauda
804 618 955 679 distantia
973 620 1074 687 ustiu-

132 737 211 796 vidit¹
237 732 432 807 rotundum,
469 752 507 791 ex
527 722 593 813 qu'o
623 728 754 791 tubulus
774 729 881 792 brevis
904 736 1058 795 esconius

133 846 291 929 (cirrosi)
321 854 461 907 eisertus
491 861 570 906 erat.
619 845 658 905 In
685 846 849 905 Feminae
869 862 978 909 autem
993 846 1068 929 puli

118 965 256 1043 ·postica
293 963 427 1039 (majori
458 973 566 1019 tamen
601 954 770 1022 a'caudae
801 964 895 1041 apice
927 962 1061 1041 dismntid

134 1081 251 1138 ostium
271 1074 453 1137 observavit
473 1089 708 1149 transversum,
731 1077 819 1155 cujus
840 1080 979 1160 margini
995 1094 1061 1157 supa·

133 1170 214 1253 riori
247 1187 451 1251 tuberculum
480 1209 577 1268 saepe
605 1192 787 1269 appositum
816 1206 897 1252 erat.
946 1188 1061 1255 Mibiua

134 1310 251 1367 ostium
281 1302 381 1365 hocce
411 1302 507 1363 fovea
536 1306 644 1382 potius
672 1301 725 1363 vel
754 1304 883 1367 macula
914 1308 973 1385 (ex
995 1318 1061 1387 pam

135 1420 274 1503 quadam
304 1418 508 1499 subjacente)
540 1420 661 1491 visum,
695 1420 800 1497 ipsum
817 1398 942 1481 'auteur
971 1420 1062 1481 cautu

134 1540 258 1617 apicem
278 1533 511 1601 distinctissime
529 1532 688 1593 foramine
717 1538 808 1614 quasi
835 1533 957 1596 labiato
982 1512 1084 1615 pcttt'·¹

134 1674 205 1715 sum
224 1651 299 1712 vidi.
344 1647 383 1707 In
401 1661 497 1729 parte
515 1650 640 1726 postica
665 1667 741 1707 vasa
767 1663 941 1727 praeterea
967 1644 1063 1711 monii»

133 1766 250 1831 formio
279 1762 465 1838 observavi,
494 1782 577 1844 quae
599 1766 710 1822 ovaria
730 1762 873 1823 dixerim.
922 1754 1086 1845 Quasdam,

133 1885 169 1943 in
197 1877 359 1941 vermibus
389 1877 568 1937 minoribus
597 1896 650 1936 me
677 1874 798 1935 addere
826 1881 990 1959 potuisse,
1018 1894 1089 1939 not.

133 2000 270 2070 mirum,
292 2013 365 2055 cum
385 1990 425 2053 cl.
445 1994 494 2053 vir
514 1993 617 2053 rarius
637 1992 855 2070 microscopio
875 2006 987 2059 utatur
1004 2010 1064 2053 con·

133 2114 250 2195 posito.

193 2226 228 2287 B.
268 2224 416 2303 Ligulao
443 2223 530 2286 linea
560 2224 667 2285 media
699 2226 873 2303 impressa,
910 2186 1065 2285 auuortb

133 2362 195 2425 pro
216 2338 295 2401 tubo
317 2340 439 2401 cibario
460 2336 584 2414 habita,
613 2336 756 2399 mihimet
778 2338 918 2397 eandem
939 2358 976 2398 ac
994 2354 1068 2421 gena·
1100 2370 1102 2377 =

132 2478 206 2518 rum
226 2458 466 2535 insequentium
481 2457 596 2513 seriem
618 2456 804 2512 ovariorurn
820 2451 1009 2532 simplicium
1021 2455 1068 2511 sira

134 2571 371 2632 sacciiormium
392 2571 503 2628 sistere
523 2566 661 2641 videtur,
683 2586 744 2624 nec
765 2581 885 2627 tractus
907 2564 1068 2628 intestiualis

134 2683 372 2745 similitudinem
395 2679 499 2742 offert.
535 2683 628 2764 Quae
648 2678 696 2740 his
719 2696 825 2741 autem
843 2685 929 2743 circa
944 2676 1068 2764 genitalia

133 2796 267 2857 ulterius
290 2796 405 2857 addam
425 2815 492 2854 non
513 2792 625 2855 habeo.

195 2911 230 2972 C.
275 2889 533 2991 Tricuspiduria
564 2908 676 2990 (lucii)
707 2916 810 2990 major
840 2926 872 2971 et
894 2912 1001 2974 adulta
1019 2929 1069 2971 cor·

132 3026 222 3105 poris
243 3041 367 3104 partem
388 3027 544 3104 posticam
566 3023 763 3084 articulatam
785 3041 817 3086 et
838 3030 975 3107 cujusvis
994 3030 1070 3086 inar-

135 3137 224 3199 ticuli
244 3139 417 3199 medietate
436 3137 594 3199 nodulum
614 3137 744 3199 loveola
763 3143 956 3207 instructum
971 3140 1069 3222 prodit·

133 3274 174 3314 ex
194 3273 259 3335 quo
281 3251 473 3315 canaliculus
496 3269 692 3315 transversus
714 3254 756 3313 ad
771 3254 897 3315 articuli
913 3259 1070 3339 marginem

134 3368 294 3441 decurrit,
316 3368 406 3449 quod
427 3368 611 3429 Goezius
634 3356 853 3450 (Naturgesch.
874 3391 906 3449 p.
922 3379 990 3452 419.
1009 3365 1071 3431 Tab

133 3482 283 3545 XXXIV.
305 3480 356 3565 fig.
377 3486 417 3561 5.)
448 3486 541 3543 icone
569 3470 832 3546 bouaoxhibuit
887 3484 1011 3547 Noduli
1036 3482 1073 3543 isti

135 3597 270 3659 totidem
290 3600 416 3677 ovaria,
447 3597 548 3660 ovulis
570 3586 709 3689 &lobosis
730 3597 823 3658 facile
845 3619 884 3659 ex
905 3601 1018 3661 iisdem
1037 3618 1075 3659 ex·

133 3710 310 3791 primendis
326 3708 435 3775 iarcta.
467 3708 642 3774 Canaliculi
658 3715 838 3790 transversI,
860 3712 956 3777 simili
970 3714 1076 3777 forsan,
