2446 4644
57 439 203 485 suuntur.
245 424 282 483 In
311 421 348 481 cl.
377 423 480 505 Sorg
506 395 659 499 (arban.
674 423 771 498 Ι546.)
799 427 1021 503 experimentis
1098 444 1101 451 ’

53 531 182 604 Asteris
205 537 440 599 lumbricoides
454 543 489 597 in
511 541 585 598 aere
605 537 861 617 stmosphaerico
882 554 956 619 post
974 562 1032 602 ser

54 634 217 737 miliorum
239 670 368 716 mortua
390 668 453 728 est,
476 654 689 731 diminutione
709 672 764 734 gas
793 646 941 737 or'rygenii
965 658 1023 715 snt·

54 775 146 833 nima
168 785 293 832 tanturn
316 754 504 839 observata:
532 773 567 829 in
597 772 671 829 aere
698 767 898 852 hydrogenio
920 786 1023 852 aeque

19 906 33 977 J
56 885 155 970 lo'nge
176 891 271 963 vitam
293 888 395 958 traxit,
416 889 451 944 in
471 888 589 944 nitrico
607 897 713 944 autem
735 882 834 942 tribus
848 862 1042 969 horreres·-

58 998 205 1084 agesimis
227 1001 340 1082 elapsis
361 1005 494 1082 periit.
515 980 847 1082 Diminntionem'gas
875 1004 1023 1084 oxygenii

10 1132 36 1181 ’·,·
56 1119 223 1183 minimam
241 1130 362 1176 tantum
378 1117 474 1175 fuisse
489 1113 569 1173 nihil
586 1114 719 1194 probat,
730 1113 922 1174 animalcula
938 1120 1024 1175 enim
1085 1186 1088 1192 1

10 1204 22 1245 '¹
57 1232 252 1311 simpliciora
273 1207 390 1293 mirlori
410 1244 533 1290 tantum
554 1231 622 1308 ejus
643 1233 736 1308 copia
756 1231 913 1312 indigent,
934 1245 966 1291 et
989 1235 1045 1291 in·
1066 1228 1069 1233 ’

11 1368 15 1373 ·
44 1343 148 1423 tiocia,
179 1340 251 1404 ubi
268 1345 328 1405 alia
359 1349 568 1418 moriuntur,
586 1346 754 1424 tranquilla
777 1346 912 1427 degunt,
935 1348 1023 1424 cujus

56 1434 107 1527 rei
127 1455 250 1519 ln'secta
270 1461 409 1540 plurima
437 1426 622 1540 exemplum
648 1458 789 1519 ollerun't
814 1457 1024 1523 luculentissi-

57 1594 160 1633 mum.

122 1692 203 1752 Cum
219 1684 368 1751 Entozoir
389 1682 502 1773 itaque*
518 1690 580 1765 nec
601 1689 764 1765 mathone,
785 1711 845 1753 nec
867 1695 1021 1775 stigmata,
1114 1744 1118 1753 .

14 1822 19 1833 ·
57 1822 120 1871 nec
140 1807 202 1866 alia
231 1816 444 1888 quaecunque
470 1826 591 1889 organa
618 1809 823 1885 respiratoria
848 1808 1023 1887 peculiaria

58 1943 208 1984 concessa
219 1927 289 1995 sint,
308 1923 545 2002 absorptionem
557 1926 771 2003 potiusquam
783 1927 1025 2002 respirationem
1087 1970 1090 1977 .

58 2016 284 2120 diaerim,'qua
301 2042 491 2122 exygenium
508 2041 548 2095 ‘iis
571 2035 755 2110 advehatur,
774 2035 887 2097 advehi
903 2020 1022 2113 autem,
1089 2053 1091 2057 ’

11 2186 21 2228 5
58 2147 118 2214 cel.¹
133 2153 183 2233 Sp
194 2154 419 2213 allanz'anii
435 2152 470 2232 i‘)
489 2155 709 2232 experimentis
722 2155 839 2212 innisus
853 2172 914 2232 pro
936 2167 1023 2214 certo
1082 2191 1086 2200 -

10 2272 33 2361 a.
56 2267 235 2329 habuerim.
276 2268 335 2327 Vir
367 2288 508 2327 summus
546 2265 693 2326 animalia
726 2283 792 2326 tarn
823 2271 893 2327 viva
927 2276 1024 2359 quam

24 2388 27 2393 '
57 2365 198 2457 mortua,
220 2383 315 2466 quid!
336 2385 427 2463 quod
447 2403 516 2443 non
535 2387 658 2464 integra
679 2381 800 2455 solum,
827 2382 885 2442 sed
913 2384 1025 2445 eorum

39 2503 157 2559 etiam
177 2513 292 2578 partes,
313 2503 463 2579 ipsasque
485 2497 687 2556 cochlearum
710 2490 803 2556 testas
831 2504 1025 2559 recentiores
1115 2492 1118 2497 ’
1173 2524 1178 2533 ·

12 2628 18 2633 ·
55 2634 113 2699 gas
136 2620 327 2710 oxygonium
345 2610 527 2686 absorbere,
548 2598 646 2693 longa
664 2608 922 2671 observationum
935 2616 1026 2673 'seria

55 2726 226 2810 probavit,
255 2733 286 2790 e't
313 2729 351 2789 ab
379 2731 521 2790 entozois
549 2725 642 2786 simili
668 2727 770 2786 modo
797 2727 848 2788 vel
877 2741 1026 2786 contactu

44 2844 162 2944 solo,
159 2860 214 2905 aut
206 2843 441 2926 absorptione
462 2859 609 2915 cutanea,
630 2842 682 2902 vel
704 2841 928 2902 alimentorum
948 2839 1027 2902 hau·

17 2964 21 2971 '
56 2976 120 3034 stu,
141 2959 221 3019 illud
243 2964 393 3021 consumi
410 2974 445 3020 et
463 2964 499 3020 in
518 2979 611 3018 usum
631 2960 730 3019 verti
739 2960 909 3017 statuerim.
949 2957 1028 3017 Abs·

10 3148 17 3159 ·
43 3080 241 3158 -φιειιιιιιι
267 3079 424 3161 oxygonio
454 3076 608 3134 vermium
633 3091 694 3132 nec
720 3077 783 3132 vita
808 3092 870 3131 nec
889 3068 1027 3151 partium

10 3218 16 3231 ·
40 3188 219 3252 'formatio
236 3173 266 3254 et
285 3196 417 3254 nutritio
439 3191 571 3273 cogitari
592 3199 713 3267 potest,
735 3205 797 3245 nec
818 3188 884 3267 qui
893 3189 1028 3264 respira·

10 3358 18 3375 „
41 3310 184 3370 tionem
202 3307 408 3392 abnegarunt,
429 3304 609 3364 Zederus
629 3316 658 3362 et
677 3301 850 3385 Sergius,
873 3290 1042 3425 absorpti*

10 3440 21 3465 ⁸
41 3438 160 3509 onem
182 3420 277 3481 talem
297 3424 448 3503 rejicient

112 3536 210 3597 Haec
232 3538 281 3597 sd
293 3536 473 3618 Phytozoa,
495 3534 621 3620 organis
641 3529 745 3592 nullis
757 3527 991 3590 disimilibus'
981 3548 1029 3589 m·
1098 3554 1121 3615 Ι·

58 3638 824 3691 .-.,.„....-..........................

133 3706 159 3775 )
179 3704 333 3761 Me'moires
345 3723 398 3756 sur
416 3704 443 3756 la
461 3700 628 3777 respiration
642 3719 692 3773 par
710 3699 845 3762 Lauare
863 3695 1063 3772 spallam.

10 3784 16 3789 ¹
60 3784 160 3851 zani.
182 3791 332 3846 itiGenive
354 3799 430 3853 1803·
449 3797 475 3850 8.
495 3786 624 3862 plurimis
643 3783 726 3844 locis.

602 3893 680 3972 Qz,
