<?xml version="1.0" encoding="UTF-8"?>
<!DOCTYPE html PUBLIC "-//W3C//DTD XHTML 1.0 Transitional//EN"
    "http://www.w3.org/TR/xhtml1/DTD/xhtml1-transitional.dtd">
<html xmlns="http://www.w3.org/1999/xhtml" xml:lang="en" lang="en">
 <head>
  <title>
</title>
<meta http-equiv="Content-Type" content="text/html;charset=utf-8" />
  <meta name='ocr-system' content='tesseract 3.04.00' />
  <meta name='ocr-capabilities' content='ocr_page ocr_carea ocr_par ocr_line ocrx_word'/>
</head>
<body>
  <div class='ocr_page' id='page_1' title='image "./entozoorumsivev02rudogoog_0265.png"; bbox 0 0 2446 4644; ppageno 0'>
   <div class='ocr_carea' id='block_1_1' title="bbox 66 217 1098 1509">
    <p class='ocr_par' dir='ltr' id='par_1_1' title="bbox 159 217 347 302">
     <span class='ocr_line' id='line_1_1' title="bbox 159 217 347 302; baseline 0 -11"><span class='ocrx_word' id='word_1_1' title='bbox 159 234 251 302; x_wconf 73' lang='lat'><strong>238&#39;.</strong></span> <span class='ocrx_word' id='word_1_2' title='bbox 341 217 347 236; x_wconf 74' lang='lat'>⁸</span> 
     </span>
    </p>

    <p class='ocr_par' dir='ltr' id='par_1_2' title="bbox 66 387 1098 1509">
     <span class='ocr_line' id='line_1_2' title="bbox 158 387 1087 471; baseline 0.002 -20"><span class='ocrx_word' id='word_1_3' title='bbox 158 389 275 471; x_wconf 71' lang='lat' dir='ltr'><strong>auxilio</strong></span> <span class='ocrx_word' id='word_1_4' title='bbox 302 388 387 449; x_wconf 83' lang='lat' dir='ltr'><strong>faeta</strong></span> <span class='ocrx_word' id='word_1_5' title='bbox 408 387 566 469; x_wconf 86' lang='lat' dir='ltr'><strong>explicare</strong></span> <span class='ocrx_word' id='word_1_6' title='bbox 594 387 755 465; x_wconf 89' lang='lat' dir='ltr'><strong>valemus,</strong></span> <span class='ocrx_word' id='word_1_7' title='bbox 786 408 944 470; x_wconf 78' lang='lat' dir='ltr'><strong>quorsum</strong></span> <span class='ocrx_word' id='word_1_8' title='bbox 965 406 1029 451; x_wconf 88' lang='lat' dir='ltr'><strong>tam</strong></span> <span class='ocrx_word' id='word_1_9' title='bbox 1044 412 1087 453; x_wconf 78' lang='lat' dir='ltr'><strong>no</strong></span> 
     </span>
     <span class='ocr_line' id='line_1_3' title="bbox 156 494 1088 589; baseline 0.002 -24"><span class='ocrx_word' id='word_1_10' title='bbox 156 520 207 565; x_wconf 85' lang='lat' dir='ltr'><strong>tus</strong></span> <span class='ocrx_word' id='word_1_11' title='bbox 229 494 410 566; x_wconf 76' lang='lat' dir='ltr'><strong>eorlmdem</strong></span> <span class='ocrx_word' id='word_1_12' title='bbox 425 503 620 565; x_wconf 85' lang='lat' dir='ltr'><strong>musculares</strong></span> <span class='ocrx_word' id='word_1_13' title='bbox 635 502 829 565; x_wconf 88' lang='lat' dir='ltr'><strong>voluntarios</strong></span> <span class='ocrx_word' id='word_1_14' title='bbox 846 511 1088 589; x_wconf 48' lang='lat' dir='ltr'><strong>maximequen-</strong></span> 
     </span>
     <span class='ocr_line' id='line_1_4' title="bbox 156 620 1098 709; baseline -0.001 -27"><span class='ocrx_word' id='word_1_15' title='bbox 156 626 238 693; x_wconf 77' lang='lat' dir='ltr'><strong>rios3</strong></span> <span class='ocrx_word' id='word_1_16' title='bbox 257 620 415 701; x_wconf 86' lang='lat' dir='ltr'><strong>plurimos</strong></span> <span class='ocrx_word' id='word_1_17' title='bbox 433 623 471 680; x_wconf 89' lang='lat' dir='ltr'><strong>-in</strong></span> <span class='ocrx_word' id='word_1_18' title='bbox 485 620 629 681; x_wconf 88' lang='lat' dir='ltr'><strong>stimulos</strong></span> <span class='ocrx_word' id='word_1_19' title='bbox 643 623 838 680; x_wconf 87' lang='lat' dir='ltr'><strong>reactiouom</strong></span> <span class='ocrx_word' id='word_1_20' title='bbox 857 624 897 700; x_wconf 90' lang='lat' dir='ltr'><strong>(v.</strong></span> <span class='ocrx_word' id='word_1_21' title='bbox 917 643 942 680; x_wconf 92' lang='lat' dir='ltr'><strong>c.</strong></span> <span class='ocrx_word' id='word_1_22' title='bbox 959 625 995 681; x_wconf 88' lang='lat' dir='ltr'><strong>in</strong></span> <span class='ocrx_word' id='word_1_23' title='bbox 1008 622 1098 709; x_wconf 79' lang='lat' dir='ltr'><strong>lngus,¹</strong></span> 
     </span>
     <span class='ocr_line' id='line_1_5' title="bbox 66 734 1087 823; baseline -0.001 -25"><span class='ocrx_word' id='word_1_24' title='bbox 66 818 69 823; x_wconf 27' lang='grc' dir='ltr'>Ι</span> <span class='ocrx_word' id='word_1_25' title='bbox 155 737 446 798; x_wconf 83' lang='lat' dir='ltr'><strong>in‘medicamenta</strong></span> <span class='ocrx_word' id='word_1_26' title='bbox 466 755 584 811; x_wconf 86' lang='lat' dir='ltr'><strong>amara,</strong></span> <span class='ocrx_word' id='word_1_27' title='bbox 604 739 640 795; x_wconf 91' lang='lat' dir='ltr'><strong>in</strong></span> <span class='ocrx_word' id='word_1_28' title='bbox 657 739 839 817; x_wconf 87' lang='lat' dir='ltr'><strong>spirituosa,</strong></span> <span class='ocrx_word' id='word_1_29' title='bbox 861 734 939 797; x_wconf 90' lang='lat' dir='ltr'><strong>olea</strong></span> <span class='ocrx_word' id='word_1_30' title='bbox 952 756 1087 821; x_wconf 80' lang='lat' dir='ltr'><strong>empyrea·</strong></span> 
     </span>
     <span class='ocr_line' id='line_1_6' title="bbox 155 850 1084 934; baseline -0.003 -20"><span class='ocrx_word' id='word_1_31' title='bbox 155 854 302 932; x_wconf 87' lang='lat' dir='ltr'><strong>matica),</strong></span> <span class='ocrx_word' id='word_1_32' title='bbox 322 850 374 911; x_wconf 86' lang='lat' dir='ltr'><strong>vel</strong></span> <span class='ocrx_word' id='word_1_33' title='bbox 394 867 559 934; x_wconf 82' lang='lat' dir='ltr'><strong>gratorum</strong></span> <span class='ocrx_word' id='word_1_34' title='bbox 579 854 846 934; x_wconf 78' lang='lat' dir='ltr'>ingratorumque</span> <span class='ocrx_word' id='word_1_35' title='bbox 860 856 1084 933; x_wconf 72' lang='lat' dir='ltr'>perceptionem,</span> 
     </span>
     <span class='ocr_line' id='line_1_7' title="bbox 156 964 1083 1050; baseline -0.003 -20"><span class='ocrx_word' id='word_1_36' title='bbox 156 984 190 1030; x_wconf 89' lang='lat' dir='ltr'><strong>et</strong></span> <span class='ocrx_word' id='word_1_37' title='bbox 209 988 294 1050; x_wconf 84' lang='lat' dir='ltr'><strong>quae</strong></span> <span class='ocrx_word' id='word_1_38' title='bbox 314 964 393 1027; x_wconf 87' lang='lat' dir='ltr'><strong>inde</strong></span> <span class='ocrx_word' id='word_1_39' title='bbox 414 972 587 1047; x_wconf 78' lang='lat' dir='ltr'><strong>sequantur</strong></span> <span class='ocrx_word' id='word_1_40' title='bbox 608 966 790 1027; x_wconf 84' lang='lat' dir='ltr'>animalculi</span> <span class='ocrx_word' id='word_1_41' title='bbox 810 967 965 1048; x_wconf 89' lang='lat' dir='ltr'><strong>simplicis</strong></span> <span class='ocrx_word' id='word_1_42' title='bbox 982 968 1083 1027; x_wconf 81' lang='lat' dir='ltr'><strong>iunctio</strong></span> 
     </span>
     <span class='ocr_line' id='line_1_8' title="bbox 154 1082 1083 1164; baseline -0.005 -18"><span class='ocrx_word' id='word_1_43' title='bbox 154 1104 214 1145; x_wconf 83' lang='lat' dir='ltr'><strong>nes</strong></span> <span class='ocrx_word' id='word_1_44' title='bbox 241 1084 416 1151; x_wconf 63' lang='lat' dir='ltr'><strong>sansucium</strong></span> <span class='ocrx_word' id='word_1_45' title='bbox 452 1100 549 1161; x_wconf 83' lang='lat' dir='ltr'><strong>quam</strong></span> <span class='ocrx_word' id='word_1_46' title='bbox 579 1082 785 1164; x_wconf 81' lang='lat' dir='ltr'><strong>digestionis,</strong></span> <span class='ocrx_word' id='word_1_47' title='bbox 819 1082 1083 1143; x_wconf 59' lang='lat' dir='ltr'><strong>assimilationis«</strong></span> 
     </span>
     <span class='ocr_line' id='line_1_9' title="bbox 155 1180 1092 1289; baseline -0.002 -30"><span class='ocrx_word' id='word_1_48' title='bbox 155 1201 356 1273; x_wconf 83' lang='lat' dir='ltr'><strong>nutritionis,</strong></span> <span class='ocrx_word' id='word_1_49' title='bbox 395 1216 552 1289; x_wconf 79' lang='lat' dir='ltr'><strong>necnon</strong></span> <span class='ocrx_word' id='word_1_50' title='bbox 586 1196 625 1257; x_wconf 89' lang='lat' dir='ltr'><strong>ab</strong></span> <span class='ocrx_word' id='word_1_51' title='bbox 654 1180 755 1259; x_wconf 80' lang='lat' dir='ltr'><strong>altera</strong></span> <span class='ocrx_word' id='word_1_52' title='bbox 778 1214 871 1279; x_wconf 87' lang='lat' dir='ltr'><strong>parte</strong></span> <span class='ocrx_word' id='word_1_53' title='bbox 900 1200 1092 1282; x_wconf 78' lang='lat' dir='ltr'><strong>generationi,</strong></span> 
     </span>
     <span class='ocr_line' id='line_1_10' title="bbox 155 1291 1082 1399; baseline -0.003 -23"><span class='ocrx_word' id='word_1_54' title='bbox 155 1291 327 1399; x_wconf 65' lang='lat' dir='ltr'><strong>negotium</strong></span> <span class='ocrx_word' id='word_1_55' title='bbox 348 1311 504 1372; x_wconf 88' lang='lat' dir='ltr'><strong>trahenda</strong></span> <span class='ocrx_word' id='word_1_56' title='bbox 535 1332 604 1372; x_wconf 88' lang='lat' dir='ltr'><strong>esse</strong></span> <span class='ocrx_word' id='word_1_57' title='bbox 631 1317 840 1396; x_wconf 88' lang='lat' dir='ltr'><strong>omnicuique</strong></span> <span class='ocrx_word' id='word_1_58' title='bbox 861 1313 996 1394; x_wconf 89' lang='lat' dir='ltr'><strong>patebit.</strong></span> <span class='ocrx_word' id='word_1_59' title='bbox 1034 1314 1082 1373; x_wconf 78' lang='lat' dir='ltr'><strong>m</strong></span> 
     </span>
     <span class='ocr_line' id='line_1_11' title="bbox 117 1422 1080 1509; baseline 0.002 -24"><span class='ocrx_word' id='word_1_60' title='bbox 117 1470 125 1485; x_wconf 84' lang='lat'><strong>.</strong></span> <span class='ocrx_word' id='word_1_61' title='bbox 155 1422 265 1490; x_wconf 79' lang='lat' dir='ltr'><strong>malia&#39;</strong></span> <span class='ocrx_word' id='word_1_62' title='bbox 282 1428 396 1488; x_wconf 86' lang='lat' dir='ltr'><strong>saltem</strong></span> <span class='ocrx_word' id='word_1_63' title='bbox 422 1432 523 1509; x_wconf 81' lang='lat' dir='ltr'><strong>magis</strong></span> <span class='ocrx_word' id='word_1_64' title='bbox 545 1432 741 1507; x_wconf 89' lang='lat' dir='ltr'><strong>composita,</strong></span> <span class='ocrx_word' id='word_1_65' title='bbox 770 1450 846 1503; x_wconf 90' lang='lat' dir='ltr'><strong>seu,</strong></span> <span class='ocrx_word' id='word_1_66' title='bbox 880 1429 989 1509; x_wconf 90' lang='lat' dir='ltr'><strong>qualia</strong></span> <span class='ocrx_word' id='word_1_67' title='bbox 1007 1430 1080 1489; x_wconf 81' lang='lat' dir='ltr'><strong>votui</strong></span> 
     </span>
    </p>
   </div>
   <div class='ocr_carea' id='block_1_2' title="bbox 64 1528 1079 1624">
    <p class='ocr_par' dir='ltr' id='par_1_3' title="bbox 64 1528 1079 1624">
     <span class='ocr_line' id='line_1_12' title="bbox 64 1528 1079 1624; baseline -0.006 -17"><span class='ocrx_word' id='word_1_68' title='bbox 64 1528 68 1535; x_wconf 42' lang='lat'>¹</span> <span class='ocrx_word' id='word_1_69' title='bbox 155 1562 280 1619; x_wconf 83' lang='lat' dir='ltr'><strong>amant,</strong></span> <span class='ocrx_word' id='word_1_70' title='bbox 300 1539 603 1624; x_wconf 74' lang='lat' dir='ltr'><strong>perfectiora&#39;hisce</strong></span> <span class='ocrx_word' id='word_1_71' title='bbox 622 1547 752 1605; x_wconf 84' lang='lat' dir='ltr'><strong>nonnisi</strong></span> <span class='ocrx_word' id='word_1_72' title='bbox 764 1562 942 1605; x_wconf 86' lang='lat' dir='ltr'><strong>nervorum</strong></span> <span class='ocrx_word' id='word_1_73' title='bbox 959 1544 1079 1607; x_wconf 83' lang='lat' dir='ltr'><strong>benefitio</strong></span> 
     </span>
    </p>
   </div>
   <div class='ocr_carea' id='block_1_3' title="bbox 149 1662 1081 3704">
    <p class='ocr_par' dir='ltr' id='par_1_4' title="bbox 153 1662 344 1745">
     <span class='ocr_line' id='line_1_13' title="bbox 153 1662 344 1745; baseline -0.005 -25"><span class='ocrx_word' id='word_1_74' title='bbox 153 1662 344 1745; x_wconf 79' lang='lat' dir='ltr'><strong>funguntur.</strong></span> 
     </span>
    </p>

    <p class='ocr_par' dir='ltr' id='par_1_5' title="bbox 149 1767 1081 3704">
     <span class='ocr_line' id='line_1_14' title="bbox 215 1767 1079 1863; baseline 0 -26"><span class='ocrx_word' id='word_1_75' title='bbox 215 1779 249 1837; x_wconf 89' lang='lat' dir='ltr'><strong>Si</strong></span> <span class='ocrx_word' id='word_1_76' title='bbox 276 1796 453 1863; x_wconf 67' lang='lat' dir='ltr'><strong>nesvorum</strong></span> <span class='ocrx_word' id='word_1_77' title='bbox 479 1797 559 1839; x_wconf 86' lang='lat' dir='ltr'><strong>vero</strong></span> <span class='ocrx_word' id='word_1_78' title='bbox 589 1776 624 1834; x_wconf 90' lang='lat' dir='ltr'><strong>in</strong></span> <span class='ocrx_word' id='word_1_79' title='bbox 653 1767 858 1851; x_wconf 77' lang='lat' dir='ltr'><strong>animalibus,</strong></span> <span class='ocrx_word' id='word_1_80' title='bbox 895 1776 1010 1859; x_wconf 87' lang='lat' dir='ltr'><strong>quibus</strong></span> <span class='ocrx_word' id='word_1_81' title='bbox 1034 1792 1079 1837; x_wconf 84' lang='lat' dir='ltr'><strong>sunt</strong></span> 
     </span>
     <span class='ocr_line' id='line_1_15' title="bbox 152 1891 1079 1973; baseline -0.005 -17"><span class='ocrx_word' id='word_1_82' title='bbox 152 1899 290 1956; x_wconf 87' lang='lat' dir='ltr'><strong>maxime</strong></span> <span class='ocrx_word' id='word_1_83' title='bbox 318 1891 492 1967; x_wconf 86' lang='lat' dir='ltr'><strong>elaborati,</strong></span> <span class='ocrx_word' id='word_1_84' title='bbox 521 1894 616 1951; x_wconf 87' lang='lat' dir='ltr'><strong>etiam</strong></span> <span class='ocrx_word' id='word_1_85' title='bbox 643 1894 805 1965; x_wconf 86' lang='lat' dir='ltr'><strong>maximis,</strong></span> <span class='ocrx_word' id='word_1_86' title='bbox 831 1891 965 1953; x_wconf 90' lang='lat' dir='ltr'><strong>ultimos</strong></span> <span class='ocrx_word' id='word_1_87' title='bbox 985 1894 1079 1973; x_wconf 78' lang='lat' dir='ltr'><strong>respici·</strong></span> 
     </span>
     <span class='ocr_line' id='line_1_16' title="bbox 153 1986 1078 2089; baseline -0.006 -18"><span class='ocrx_word' id='word_1_88' title='bbox 153 2032 224 2070; x_wconf 92' lang='lat' dir='ltr'><strong>mus</strong></span> <span class='ocrx_word' id='word_1_89' title='bbox 244 2010 337 2085; x_wconf 85' lang='lat' dir='ltr'><strong>fines,</strong></span> <span class='ocrx_word' id='word_1_90' title='bbox 357 2004 416 2067; x_wconf 87' lang='lat' dir='ltr'><strong>hos</strong></span> <span class='ocrx_word' id='word_1_91' title='bbox 435 1986 563 2086; x_wconf 79' lang='lat' dir='ltr'><strong>sempor</strong></span> <span class='ocrx_word' id='word_1_92' title='bbox 577 2004 777 2080; x_wconf 87' lang='lat' dir='ltr'><strong>delitescere,</strong></span> <span class='ocrx_word' id='word_1_93' title='bbox 798 2025 861 2065; x_wconf 87' lang='lat' dir='ltr'><strong>nec</strong></span> <span class='ocrx_word' id='word_1_94' title='bbox 876 2006 946 2067; x_wconf 91' lang='lat' dir='ltr'><strong>ulla</strong></span> <span class='ocrx_word' id='word_1_95' title='bbox 961 2012 995 2067; x_wconf 91' lang='lat' dir='ltr'><strong>in</strong></span> <span class='ocrx_word' id='word_1_96' title='bbox 1008 2022 1078 2089; x_wconf 77' lang='lat' dir='ltr'><strong>parte,</strong></span> 
     </span>
     <span class='ocr_line' id='line_1_17' title="bbox 154 2106 1077 2201; baseline -0.008 -13"><span class='ocrx_word' id='word_1_97' title='bbox 154 2125 206 2188; x_wconf 89' lang='lat' dir='ltr'><strong>vel</strong></span> <span class='ocrx_word' id='word_1_98' title='bbox 240 2122 372 2185; x_wconf 90' lang='lat' dir='ltr'><strong>cultello</strong></span> <span class='ocrx_word' id='word_1_99' title='bbox 401 2121 452 2183; x_wconf 86' lang='lat' dir='ltr'><strong>vel</strong></span> <span class='ocrx_word' id='word_1_100' title='bbox 486 2125 704 2201; x_wconf 86' lang='lat' dir='ltr'><strong>microscopio</strong></span> <span class='ocrx_word' id='word_1_101' title='bbox 733 2124 768 2179; x_wconf 87' lang='lat' dir='ltr'><strong>in</strong></span> <span class='ocrx_word' id='word_1_102' title='bbox 804 2120 958 2182; x_wconf 85' lang='lat' dir='ltr'><strong>auxilium</strong></span> <span class='ocrx_word' id='word_1_103' title='bbox 988 2106 1077 2195; x_wconf 75' lang='lat' dir='ltr'><strong>noctu,</strong></span> 
     </span>
     <span class='ocr_line' id='line_1_18' title="bbox 154 2235 1078 2319; baseline -0.008 -17"><span class='ocrx_word' id='word_1_104' title='bbox 154 2239 256 2302; x_wconf 89' lang='lat' dir='ltr'><strong>oculis</strong></span> <span class='ocrx_word' id='word_1_105' title='bbox 278 2242 344 2300; x_wconf 86' lang='lat' dir='ltr'><strong>sisti</strong></span> <span class='ocrx_word' id='word_1_106' title='bbox 357 2258 455 2318; x_wconf 89' lang='lat' dir='ltr'><strong>posse</strong></span> <span class='ocrx_word' id='word_1_107' title='bbox 471 2251 605 2297; x_wconf 85' lang='lat' dir='ltr'><strong>constat.</strong></span> <span class='ocrx_word' id='word_1_108' title='bbox 635 2235 710 2315; x_wconf 84' lang='lat' dir='ltr'><strong>lpse</strong></span> <span class='ocrx_word' id='word_1_109' title='bbox 723 2239 930 2317; x_wconf 87' lang='lat' dir='ltr'><strong>microscopii</strong></span> <span class='ocrx_word' id='word_1_110' title='bbox 946 2242 1078 2319; x_wconf 80' lang='lat' dir='ltr'><strong>usuique</strong></span> 
     </span>
     <span class='ocr_line' id='line_1_19' title="bbox 152 2351 1077 2438; baseline -0.008 -22"><span class='ocrx_word' id='word_1_111' title='bbox 152 2359 276 2417; x_wconf 87' lang='lat' dir='ltr'><strong>tidiano</strong></span> <span class='ocrx_word' id='word_1_112' title='bbox 311 2354 412 2438; x_wconf 85' lang='lat' dir='ltr'><strong>longo</strong></span> <span class='ocrx_word' id='word_1_113' title='bbox 446 2376 483 2413; x_wconf 87' lang='lat' dir='ltr'><strong>ex</strong></span> <span class='ocrx_word' id='word_1_114' title='bbox 513 2369 661 2430; x_wconf 81' lang='lat' dir='ltr'><strong>tempore</strong></span> <span class='ocrx_word' id='word_1_115' title='bbox 694 2351 907 2427; x_wconf 79' lang='lat' dir='ltr'><strong>assuefactus,</strong></span> <span class='ocrx_word' id='word_1_116' title='bbox 941 2372 1077 2412; x_wconf 88' lang='lat' dir='ltr'><strong>nervomn</strong></span> 
     </span>
     <span class='ocr_line' id='line_1_20' title="bbox 152 2466 1077 2548; baseline -0.009 -16"><span class='ocrx_word' id='word_1_117' title='bbox 152 2472 226 2533; x_wconf 89' lang='lat' dir='ltr'><strong>illos</strong></span> <span class='ocrx_word' id='word_1_118' title='bbox 247 2473 327 2532; x_wconf 80' lang='lat' dir='ltr'><strong>fines</strong></span> <span class='ocrx_word' id='word_1_119' title='bbox 357 2466 555 2548; x_wconf 83' lang='lat' dir='ltr'><strong>inpartibus</strong></span> <span class='ocrx_word' id='word_1_120' title='bbox 584 2468 772 2524; x_wconf 86' lang='lat' dir='ltr'><strong>tenuissimis</strong></span> <span class='ocrx_word' id='word_1_121' title='bbox 802 2487 925 2527; x_wconf 86' lang='lat' dir='ltr'><strong>summa</strong></span> <span class='ocrx_word' id='word_1_122' title='bbox 949 2490 1014 2527; x_wconf 90' lang='lat' dir='ltr'><strong>cum</strong></span> <span class='ocrx_word' id='word_1_123' title='bbox 1032 2470 1077 2527; x_wconf 83' lang='lat' dir='ltr'><strong>assi·</strong></span> 
     </span>
     <span class='ocr_line' id='line_1_21' title="bbox 154 2584 1078 2665; baseline -0.01 -16"><span class='ocrx_word' id='word_1_124' title='bbox 154 2591 277 2649; x_wconf 87' lang='lat' dir='ltr'><strong>duitate</strong></span> <span class='ocrx_word' id='word_1_125' title='bbox 312 2589 438 2664; x_wconf 85' lang='lat' dir='ltr'><strong>saepius</strong></span> <span class='ocrx_word' id='word_1_126' title='bbox 467 2584 669 2662; x_wconf 84' lang='lat' dir='ltr'><strong>investigavi,</strong></span> <span class='ocrx_word' id='word_1_127' title='bbox 706 2601 775 2638; x_wconf 80' lang='lat' dir='ltr'><strong>rem</strong></span> <span class='ocrx_word' id='word_1_128' title='bbox 810 2597 920 2641; x_wconf 87' lang='lat' dir='ltr'><strong>autem</strong></span> <span class='ocrx_word' id='word_1_129' title='bbox 950 2603 1078 2665; x_wconf 87' lang='lat' dir='ltr'><strong>nunquan</strong></span> 
     </span>
     <span class='ocr_line' id='line_1_22' title="bbox 152 2697 1077 2780; baseline -0.013 -16"><span class='ocrx_word' id='word_1_130' title='bbox 152 2720 231 2764; x_wconf 89' lang='lat' dir='ltr'><strong>voto</strong></span> <span class='ocrx_word' id='word_1_131' title='bbox 254 2704 383 2760; x_wconf 84' lang='lat' dir='ltr'><strong>cessisse</strong></span> <span class='ocrx_word' id='word_1_132' title='bbox 405 2703 545 2780; x_wconf 83' lang='lat' dir='ltr'><strong>ingenue</strong></span> <span class='ocrx_word' id='word_1_133' title='bbox 564 2697 679 2755; x_wconf 79' lang='lat' dir='ltr'><strong>fateor.</strong></span> <span class='ocrx_word' id='word_1_134' title='bbox 714 2697 830 2755; x_wconf 87' lang='lat' dir='ltr'><strong>Sensus</strong></span> <span class='ocrx_word' id='word_1_135' title='bbox 846 2718 950 2776; x_wconf 87' lang='lat' dir='ltr'><strong>porro</strong></span> <span class='ocrx_word' id='word_1_136' title='bbox 971 2698 1077 2758; x_wconf 86' lang='lat' dir='ltr'><strong>inomni</strong></span> 
     </span>
     <span class='ocr_line' id='line_1_23' title="bbox 152 2792 1077 2895; baseline -0.011 -16"><span class='ocrx_word' id='word_1_137' title='bbox 152 2822 221 2879; x_wconf 86' lang='lat' dir='ltr'><strong>lere</strong></span> <span class='ocrx_word' id='word_1_138' title='bbox 253 2818 400 2895; x_wconf 85' lang='lat' dir='ltr'><strong>corporis</strong></span> <span class='ocrx_word' id='word_1_139' title='bbox 429 2792 521 2893; x_wconf 80' lang='lat' dir='ltr'><strong>purle</strong></span> <span class='ocrx_word' id='word_1_140' title='bbox 553 2814 731 2891; x_wconf 83' lang='lat' dir='ltr'><strong>reperitur,</strong></span> <span class='ocrx_word' id='word_1_141' title='bbox 770 2816 877 2870; x_wconf 88' lang='lat' dir='ltr'><strong>nervis</strong></span> <span class='ocrx_word' id='word_1_142' title='bbox 907 2830 1077 2895; x_wconf 82' lang='lat' dir='ltr'><strong>nequaquan</strong></span> 
     </span>
     <span class='ocr_line' id='line_1_24' title="bbox 152 2927 1078 3014; baseline -0.012 -22"><span class='ocrx_word' id='word_1_143' title='bbox 152 2931 273 3014; x_wconf 90' lang='lat' dir='ltr'><strong>ubique</strong></span> <span class='ocrx_word' id='word_1_144' title='bbox 297 2931 438 2989; x_wconf 86' lang='lat' dir='ltr'><strong>admissis</strong></span> <span class='ocrx_word' id='word_1_145' title='bbox 459 2928 511 2987; x_wconf 80' lang='lat' dir='ltr'><strong>vel</strong></span> <span class='ocrx_word' id='word_1_146' title='bbox 535 2927 750 2986; x_wconf 85' lang='lat' dir='ltr'><strong>admittendis.</strong></span> <span class='ocrx_word' id='word_1_147' title='bbox 786 2928 862 2986; x_wconf 90' lang='lat' dir='ltr'><strong>Non</strong></span> <span class='ocrx_word' id='word_1_148' title='bbox 883 2945 990 3007; x_wconf 84' lang='lat' dir='ltr'><strong>potest</strong></span> <span class='ocrx_word' id='word_1_149' title='bbox 1002 2932 1078 3007; x_wconf 84' lang='lat' dir='ltr'><strong>itaque</strong></span> 
     </span>
     <span class='ocr_line' id='line_1_25' title="bbox 151 3041 1078 3128; baseline -0.014 -18"><span class='ocrx_word' id='word_1_150' title='bbox 151 3049 223 3110; x_wconf 78' lang='lat' dir='ltr'><strong>fieri</strong></span> <span class='ocrx_word' id='word_1_151' title='bbox 251 3051 328 3128; x_wconf 76' lang='lat' dir='ltr'><strong>quin</strong></span> <span class='ocrx_word' id='word_1_152' title='bbox 347 3048 438 3104; x_wconf 84' lang='lat' dir='ltr'><strong>nervi</strong></span> <span class='ocrx_word' id='word_1_153' title='bbox 460 3044 592 3103; x_wconf 87' lang='lat' dir='ltr'><strong>tandem</strong></span> <span class='ocrx_word' id='word_1_154' title='bbox 619 3041 839 3122; x_wconf 86' lang='lat' dir='ltr'><strong>deliquescant</strong></span> <span class='ocrx_word' id='word_1_155' title='bbox 859 3042 911 3104; x_wconf 86' lang='lat' dir='ltr'><strong>vel</strong></span> <span class='ocrx_word' id='word_1_156' title='bbox 935 3042 1078 3104; x_wconf 80' lang='lat' dir='ltr'><strong>eorundem</strong></span> 
     </span>
     <span class='ocr_line' id='line_1_26' title="bbox 152 3148 1079 3239; baseline -0.012 -16"><span class='ocrx_word' id='word_1_157' title='bbox 152 3161 327 3223; x_wconf 87' lang='lat' dir='ltr'><strong>substantia</strong></span> <span class='ocrx_word' id='word_1_158' title='bbox 344 3158 489 3239; x_wconf 82' lang='lat' dir='ltr'><strong>reliquae</strong></span> <span class='ocrx_word' id='word_1_159' title='bbox 507 3159 635 3216; x_wconf 87' lang='lat' dir='ltr'><strong>tandem</strong></span> <span class='ocrx_word' id='word_1_160' title='bbox 652 3162 868 3217; x_wconf 87' lang='lat' dir='ltr'><strong>immisceatur</strong></span> <span class='ocrx_word' id='word_1_161' title='bbox 886 3148 1025 3239; x_wconf 72' lang='lat' dir='ltr'><strong>conparis</strong></span> <span class='ocrx_word' id='word_1_162' title='bbox 1037 3174 1079 3215; x_wconf 86' lang='lat' dir='ltr'><strong>uu·</strong></span> 
     </span>
     <span class='ocr_line' id='line_1_27' title="bbox 151 3272 1079 3357; baseline -0.01 -20"><span class='ocrx_word' id='word_1_163' title='bbox 151 3282 270 3352; x_wconf 87' lang='lat' dir='ltr'><strong>teriae,</strong></span> <span class='ocrx_word' id='word_1_164' title='bbox 290 3277 367 3335; x_wconf 86' lang='lat' dir='ltr'><strong>inde</strong></span> <span class='ocrx_word' id='word_1_165' title='bbox 388 3295 466 3335; x_wconf 85' lang='lat' dir='ltr'><strong>vero</strong></span> <span class='ocrx_word' id='word_1_166' title='bbox 489 3272 601 3333; x_wconf 88' lang='lat' dir='ltr'><strong>oculos</strong></span> <span class='ocrx_word' id='word_1_167' title='bbox 622 3289 749 3332; x_wconf 87' lang='lat' dir='ltr'><strong>nostros</strong></span> <span class='ocrx_word' id='word_1_168' title='bbox 770 3275 881 3357; x_wconf 86' lang='lat' dir='ltr'><strong>fugiat.</strong></span> <span class='ocrx_word' id='word_1_169' title='bbox 917 3277 989 3334; x_wconf 91' lang='lat' dir='ltr'><strong>Hoc</strong></span> <span class='ocrx_word' id='word_1_170' title='bbox 1003 3288 1079 3332; x_wconf 88' lang='lat' dir='ltr'><strong>auten</strong></span> 
     </span>
     <span class='ocr_line' id='line_1_28' title="bbox 150 3389 1080 3474; baseline -0.008 -23"><span class='ocrx_word' id='word_1_171' title='bbox 150 3398 184 3451; x_wconf 88' lang='lat' dir='ltr'><strong>in</strong></span> <span class='ocrx_word' id='word_1_172' title='bbox 206 3390 394 3451; x_wconf 88' lang='lat' dir='ltr'><strong>animalibus</strong></span> <span class='ocrx_word' id='word_1_173' title='bbox 416 3395 516 3474; x_wconf 74' lang='lat' dir='ltr'><strong>iringis</strong></span> <span class='ocrx_word' id='word_1_174' title='bbox 540 3394 742 3469; x_wconf 83' lang='lat' dir='ltr'><strong>compositis,</strong></span> <span class='ocrx_word' id='word_1_175' title='bbox 775 3389 965 3470; x_wconf 87' lang='lat' dir='ltr'><strong>quibusdam</strong></span> <span class='ocrx_word' id='word_1_176' title='bbox 987 3405 1080 3449; x_wconf 84' lang='lat' dir='ltr'><strong>tantun</strong></span> 
     </span>
     <span class='ocr_line' id='line_1_29' title="bbox 149 3504 1081 3585; baseline -0.005 -18"><span class='ocrx_word' id='word_1_177' title='bbox 149 3508 241 3581; x_wconf 88' lang='lat' dir='ltr'><strong>locis,</strong></span> <span class='ocrx_word' id='word_1_178' title='bbox 261 3505 313 3566; x_wconf 82' lang='lat' dir='ltr'><strong>vel</strong></span> <span class='ocrx_word' id='word_1_179' title='bbox 334 3510 367 3564; x_wconf 91' lang='lat' dir='ltr'><strong>in</strong></span> <span class='ocrx_word' id='word_1_180' title='bbox 390 3528 565 3566; x_wconf 80' lang='lat' dir='ltr'><strong>nervorum</strong></span> <span class='ocrx_word' id='word_1_181' title='bbox 587 3505 700 3564; x_wconf 82' lang='lat' dir='ltr'><strong>finibus</strong></span> <span class='ocrx_word' id='word_1_182' title='bbox 721 3504 932 3583; x_wconf 75' lang='lat' dir='ltr'><strong>periphericis</strong></span> <span class='ocrx_word' id='word_1_183' title='bbox 952 3511 997 3585; x_wconf 86' lang='lat' dir='ltr'><strong>(ut</strong></span> <span class='ocrx_word' id='word_1_184' title='bbox 1015 3504 1081 3563; x_wconf 88' lang='lat' dir='ltr'><strong>Rei·</strong></span> 
     </span>
     <span class='ocr_line' id='line_1_30' title="bbox 150 3622 1081 3704; baseline -0.005 -24"><span class='ocrx_word' id='word_1_185' title='bbox 150 3624 215 3698; x_wconf 89' lang='lat' dir='ltr'><strong>lii,</strong></span> <span class='ocrx_word' id='word_1_186' title='bbox 242 3625 302 3681; x_wconf 88' lang='lat' dir='ltr'><strong>viri</strong></span> <span class='ocrx_word' id='word_1_187' title='bbox 325 3626 456 3696; x_wconf 89' lang='lat' dir='ltr'><strong>summi,</strong></span> <span class='ocrx_word' id='word_1_188' title='bbox 486 3626 689 3700; x_wconf 82' lang='lat' dir='ltr'><strong>expressione</strong></span> <span class='ocrx_word' id='word_1_189' title='bbox 710 3629 799 3701; x_wconf 68' lang='lat' dir='ltr'><strong>utar}</strong></span> <span class='ocrx_word' id='word_1_190' title='bbox 826 3622 911 3697; x_wconf 77' lang='lat' dir='ltr'><strong>fieri,</strong></span> <span class='ocrx_word' id='word_1_191' title='bbox 946 3622 1030 3704; x_wconf 83' lang='lat' dir='ltr'><strong>quod</strong></span> <span class='ocrx_word' id='word_1_192' title='bbox 1047 3640 1081 3677; x_wconf 82' lang='lat' dir='ltr'><strong>ex·</strong></span> 
     </span>
    </p>
   </div>
   <div class='ocr_carea' id='block_1_4' title="bbox 150 3733 1081 3821">
    <p class='ocr_par' dir='ltr' id='par_1_6' title="bbox 150 3733 1081 3821">
     <span class='ocr_line' id='line_1_31' title="bbox 150 3733 1081 3821; baseline -0.011 -22"><span class='ocrx_word' id='word_1_193' title='bbox 150 3743 307 3818; x_wconf 82' lang='lat' dir='ltr'><strong>perimur,</strong></span> <span class='ocrx_word' id='word_1_194' title='bbox 334 3741 369 3797; x_wconf 89' lang='lat' dir='ltr'><strong>in</strong></span> <span class='ocrx_word' id='word_1_195' title='bbox 387 3738 540 3796; x_wconf 88' lang='lat' dir='ltr'><strong>Entozois</strong></span> <span class='ocrx_word' id='word_1_196' title='bbox 568 3756 600 3799; x_wconf 85' lang='lat' dir='ltr'><strong>et</strong></span> <span class='ocrx_word' id='word_1_197' title='bbox 620 3737 791 3821; x_wconf 69' lang='lat' dir='ltr'><strong>qutozois</strong></span> <span class='ocrx_word' id='word_1_198' title='bbox 822 3739 899 3797; x_wconf 90' lang='lat' dir='ltr'><strong>dum</strong></span> <span class='ocrx_word' id='word_1_199' title='bbox 919 3737 1033 3820; x_wconf 88' lang='lat' dir='ltr'><strong>ubique</strong></span> <span class='ocrx_word' id='word_1_200' title='bbox 1049 3733 1081 3791; x_wconf 81' lang='lat' dir='ltr'><strong>lu·</strong></span> 
     </span>
    </p>
   </div>
   <div class='ocr_carea' id='block_1_5' title="bbox 0 0 1228 4644">
    <p class='ocr_par' dir='ltr' id='par_1_7' title="bbox 0 0 1228 4644">
     <span class='ocr_line' id='line_1_32' title="bbox 0 0 1228 4644; baseline 0 2"><span class='ocrx_word' id='word_1_201' title='bbox 0 0 1228 4644; x_wconf 95' lang='lat' dir='ltr'><strong> </strong></span> 
     </span>
    </p>
   </div>
  </div>
 </body>
</html>
